4426 5620
885 701 986 746 runnx
1009 702 1155 746 orarum.
1724 687 1761 762 85

346 906 537 982 Praeterea
567 907 791 996 libellorum,
820 909 883 1006 qui
909 909 955 980 ad
983 906 1239 982 mechanicem
1268 921 1306 980 et
1331 907 1635 983 mathematicam
1666 907 1759 1008 phy-

273 1042 386 1114 sicam
423 1043 595 1130 attinent,
637 1064 814 1114 numerus
853 1041 1006 1137 quidam
1044 1041 1248 1132 inseretur;
1288 1064 1354 1114 eos
1392 1042 1498 1138 signo
1539 1039 1610 1132 [M]
1650 1042 1761 1138 signi·

271 1169 390 1248 ficavi.

345 1307 477 1397 Libris
514 1311 689 1408 quicum
717 1311 853 1384 eodem
881 1310 997 1384 modo
1025 1321 1062 1382 et
1088 1311 1222 1384 eadem
1248 1311 1393 1383 ratione
1420 1311 1504 1398 sint,
1533 1309 1643 1382 simul
1669 1310 1760 1383 dua·

271 1440 340 1514 bus
366 1441 535 1538 partibus
561 1443 738 1540 assignari
763 1457 931 1541 possunt,
951 1445 1097 1540 signum
1124 1445 1281 1518 duarum
1308 1444 1517 1518 litterarum
1546 1443 1759 1542 appositum

271 1587 338 1662 est,
366 1575 409 1646 iis
435 1589 571 1663 autem,
600 1577 795 1673 inquibus
821 1577 967 1675 planius
994 1578 1042 1651 de
1073 1591 1295 1676 argumento
1322 1580 1453 1676 agitur,
1472 1578 1537 1674 qui
1564 1575 1653 1674 quid
1672 1599 1760 1673 geo-

270 1709 404 1780 metria
422 1707 596 1782 absoluta
613 1710 842 1806 produxerit,
863 1711 997 1806 quihus
1019 1710 1208 1784 methodis
1226 1735 1292 1784 usa
1310 1714 1367 1798 sit,
1391 1725 1594 1808 exponunt,
1614 1709 1760 1804 signum

272 1838 333 1930 [C]
363 1844 529 1939 apposui.

342 1973 486 2048 Locum
503 1973 641 2050 Indicis
658 1977 919 2075 posteriorem,
939 1989 979 2050 ut
1002 1979 1275 2074 supradictum
1294 1989 1361 2068 est,
1380 1977 1465 2051 libri
1489 1977 1668 2066 historici,
1690 1977 1759 2050 cri-

270 2109 343 2198 tici,
372 2107 623 2206 philosophici
641 2109 826 2200 obtinent,
846 2111 909 2208 qui
927 2135 1090 2208 quoque,
1110 2125 1151 2184 ut
1169 2113 1297 2200 ceteri,
1321 2112 1453 2185 ordine
1473 2113 1559 2184 anni
1578 2113 1758 2206 cuiusque

269 2242 470 2316 observato
498 2243 757 2340 disponentur.

341 2375 428 2469 Qua
452 2379 646 2474 praemissa
678 2402 720 2451 re
754 2392 880 2476 partes
907 2377 1069 2476 singulas
1096 2379 1225 2475 paucis
1259 2378 1474 2452 describere
1510 2377 1600 2450 mihi
1633 2375 1757 2450 liceat.

340 2532 374 2602 4.
402 2509 519 2584 Pars
545 2511 865 2584 elementaris
893 2511 969 2602 [El.
997 2509 1095 2585 Haec
1124 2523 1180 2584 est
1206 2513 1327 2609 prima
1352 2513 1390 2584 in
1408 2535 1546 2608 genere
1566 2511 1756 2598 historic0,

268 2640 296 2714 Ι.
325 2643 468 2716 Bonum
504 2657 542 2716 et
577 2643 933 2734 Louarscuarsrtu,
969 2647 1135 2718 virorum
1170 2643 1515 2733 illustrissimorum,
1551 2643 1664 2732 libris,
1693 2645 1757 2740 qui

267 2800 312 2848 ex
336 2775 482 2850 theoria
508 2777 770 2876 parallelarum
798 2779 962 2854 iudicata
992 2791 1259 2876 provenerunt,
1292 2775 1438 2850 initium
1466 2779 1577 2875 capit.
1611 2776 1754 2851 Eorum

267 2911 478 2998 methodus,
506 2937 618 3009 quarn
646 2911 860 3009 complures
886 2925 1093 3010 geometrae
1120 2914 1240 2986 secuti
1267 2923 1363 3000 sunt,
1388 2923 1444 2985 est
1470 2911 1682 3008 synthetica
1713 2934 1756 2984 ac

265 3044 514 3118 elementaris.

338 3197 371 3272 5.
407 3177 523 3252 Pars
558 3179 1167 3254 metrico-differentialis
1209 3179 1289 3272 [D].
1331 3179 1429 3253 Haec
1470 3193 1527 3253 est
1566 3178 1683 3252 altera
1718 3178 1756 3250 in

264 3335 401 3408 genere
427 3311 627 3404 historico;
655 3337 709 3401 ea,
737 3315 842 3386 cuius
868 3328 1002 3387 auctor
1019 3327 1076 3387 est
1093 3313 1286 3387 Rmuauu
1305 3309 1437 3407 (1854),
1465 3311 1573 3408 spatii
1591 3309 1756 3384 notionis

264 3445 428 3518 studium
456 3447 502 3518 ad
536 3447 756 3520 varietatem
792 3471 817 3518 n
845 3447 1098 3520 dimensiones
1128 3446 1342 3533 habentem,
1370 3469 1483 3542 quam
1510 3441 1755 3518 formularum

264 3604 335 3677 ope
370 3581 635 3677 repraesentari
669 3603 780 3677 posse
816 3594 948 3654 notum
985 3593 1051 3668 est,
1086 3581 1245 3654 reducit.
1281 3577 1563 3652 Determinatio
1599 3580 1756 3651 metrica

263 3715 392 3786 nititur
417 3715 455 3786 in
480 3715 635 3788 notione
663 3713 841 3787 elementi
868 3715 1028 3803 linearis,
1066 3715 1170 3787 cuius
1197 3714 1419 3810 quadratum
1447 3711 1570 3784 forma
1597 3713 1755 3808 quadra-

262 3845 335 3918 tica
362 3869 404 3920 ac
431 3845 669 3944 homogenea
702 3849 740 3919 in
767 3847 1000 3919 variabilium
1037 3845 1347 3920 differentialibus
1382 3847 1614 3944 exprimitur.
1650 3844 1755 3918 Inter

263 3993 372 4077 typos
398 3981 590 4054 varietatis
624 3979 801 4068 infinitos,
838 3979 972 4076 quibus
1008 3981 1238 4055 elementum
1275 3981 1416 4053 lineare
1442 3977 1612 4067 formam,
1642 4003 1754 4076 quam

262 4113 377 4186 modo
403 4111 604 4202 nominavi,
640 4111 783 4186 habens
810 4115 967 4210 exprimi
994 4127 1131 4210 potest,
1159 4115 1351 4211 praecipue
1377 4112 1575 4210 peridonei
1605 4124 1691 4184 sunt
1717 4113 1753 4200 ii,

261 4246 297 4316 in
336 4244 471 4341 quibus
510 4271 696 4321 mensurae
734 4271 754 4318 a
789 4247 1047 4344 positionibus,
1075 4249 1113 4320 in
1148 4246 1283 4342 quibus
1320 4244 1425 4332 fiunt,
1454 4245 1754 4342 independentes

262 4380 461 4475 prodeunt,
490 4404 603 4475 quam
629 4382 849 4452 varietatem
877 4379 928 4451 ill.
967 4378 1158 4452 Rmumu
1192 4381 1243 4453 ita
1270 4378 1411 4467 definit,
1448 4389 1489 4449 ut
1516 4387 1752 4450 curvaturam

261 4511 298 4582 in
338 4512 512 4585 omnibus
547 4513 622 4584 suis
655 4514 805 4610 punctis
845 4527 1080 4586 constantem
1117 4538 1197 4586 esse
1237 4515 1348 4588 dicat.
1386 4513 1505 4589 Prout
1543 4527 1753 4589 curvaturae

260 4642 364 4716 valor
403 4667 500 4733 zero,
541 4645 747 4740 negativus,
788 4644 979 4742 positivus,
1015 4647 1067 4719 ita
1101 4645 1261 4720 varietas
1298 4646 1502 4720 Euctrnua
1542 4662 1605 4720 aut
1638 4649 1755 4720 varie-
