4386 5624
478 701 520 745 DE
541 701 834 747 APPHCATIONIBUS
855 701 1058 747 oxomum
1079 703 1257 748 assotum
1278 705 1475 752 ANALYTICIS.
1690 704 1728 768 45

239 909 457 982 sentationis
490 908 644 1005 planum
679 909 908 1007 proiicimus,
936 909 1047 984 solita
1081 909 1299 1008 superficies
1325 911 1613 1021 Rreuxnmiana,
1643 937 1728 1010 quae

238 1041 285 1114 ad
315 1041 430 1139 ipsius
463 1068 488 1116 z
521 1041 773 1140 algebraicam
800 1043 1034 1118 functionem
1069 1045 1276 1142 tpertinet
1302 1057 1341 1117 et
1375 1069 1476 1142 quac¹
1495 1047 1533 1118 in
1569 1071 1591 1118 r
1624 1045 1728 1134 locis,

238 1173 418 1273 polygoni
454 1180 535 1275 ψη
566 1173 692 1272 anguli
726 1179 875 1273 punctis
910 1177 1305 1274 correspondentibus,
1341 1177 1563 1252 trematibus
1597 1177 1731 1252 affecta

238 1320 304 1398 est,
332 1309 470 1407 prodit.

311 1440 442 1517 Priore
486 1441 723 1543 problemate
766 1445 817 1517 ita
861 1457 1017 1544 peracto
1059 1446 1204 1519 duabus
1246 1445 1501 1520 functionibus
1537 1473 1657 1549 z=p
1671 1445 1728 1543 (η),

237 1573 405 1672 t=rp(17)
431 1575 612 1676 polygoni
641 1583 720 1677 (ὂψ
744 1581 991 1653 mutationem
1014 1580 1052 1652 in
1069 1581 1290 1654 varietatem
1316 1579 1354 1652 in
1373 1604 1412 1654 se
1430 1581 1549 1678 ipsam
1567 1581 1728 1654 redeun-

236 1723 313 1784 tem
341 1723 379 1784 et
405 1737 427 1784 r
452 1710 673 1784 trematibus
700 1711 885 1800 affectam,
913 1735 998 1810 quae
1026 1715 1184 1787 mutatio
1209 1714 1248 1786 in
1274 1713 1509 1812 paragrapho
1528 1711 1579 1785 Π.
1599 1737 1619 1786 e
1638 1713 1729 1787 situs

236 1842 379 1940 analysi
405 1845 582 1918 continua
608 1843 725 1942 ipsius
752 1851 832 1944 Φηρ
857 1845 1132 1920 deformatione
1159 1859 1198 1920 et
1219 1845 1426 1944 coniugatis
1443 1845 1622 1920 lateribus
1640 1869 1729 1920 con·

236 1977 427 2074 glutinatis
453 1975 588 2050 effecta
614 1991 682 2066 est,
710 2003 751 2052 re
776 2003 867 2054 vera
891 1981 943 2054 ita
968 1979 1106 2056 factam
1126 2005 1207 2056 esse
1234 1982 1360 2055 dicere
1378 2003 1589 2080 possumus,
1609 1995 1651 2054 ut
1667 2005 1729 2055 va·

236 2110 347 2182 rictas
373 2123 466 2201 orta,
486 2126 551 2184 aut
573 2111 738 2186 exactius
765 2113 800 2185 ei
827 2116 1128 2214 correspondens
1155 2125 1193 2188 et
1219 2113 1440 2212 simpliciter
1462 2138 1642 2204 connexa,
1661 2137 1729 2212 po·

236 2241 374 2341 lygono
404 2248 484 2345 dl„
508 2268 587 2318 non
614 2247 729 2320 modo
755 2246 1072 2346 homoeomorpha
1098 2249 1165 2321 sed
1192 2251 1304 2322 etiam
1331 2248 1647 2322 homoeometrica
1672 2249 1728 2322 sit.

955 2593 1005 2667 V.

585 2845 635 2897 DE
662 2847 814 2926 ¹ALTERO
841 2845 1105 2898 PROBLEMATE
1132 2845 1377 2898 TRACTANDO.

244 3123 247 3130 ,
310 3047 395 3142 Qua
428 3049 467 3122 in
496 3071 538 3120 re
564 3047 674 3124 nobis
700 3071 720 3120 e
747 3047 1045 3146 2p÷1-pliciter
1079 3069 1250 3122 connexa
1280 3051 1382 3122 etin
1409 3073 1448 3122 se
1474 3051 1594 3146 ipsam
1620 3050 1729 3122 rede·

236 3193 327 3254 unte
344 3181 537 3271 varietate,
551 3183 655 3255 cuius
670 3183 755 3254 duae
771 3182 1024 3254 dimensiones
1043 3194 1140 3270 sunt,
1152 3205 1313 3280 quaeque
1332 3183 1370 3254 in
1390 3206 1412 3255 r
1428 3181 1520 3256 locis
1539 3207 1674 3272 a1,...,
1689 3207 1733 3266 a.

236 3314 458 3388 trematibus
485 3325 542 3388 est
565 3313 710 3404 affecta,
729 3317 781 3388 ita
807 3328 849 3389 ut
874 3317 1024 3389 tremati
1051 3317 1186 3412 cuique
1214 3331 1338 3390 certus
1365 3330 1404 3390 et
1428 3319 1574 3416 integer
1599 3343 1727 3392 nume-

235 3473 298 3522 rus
322 3449 527 3547 assignatus
547 3451 603 3536 sit,
623 3446 940 3547 proficiscendum
960 3463 1027 3523 est.
1047 3448 1116 3523 Eae
1135 3449 1242 3525 huius
1260 3453 1451 3524 varietatis
1464 3449 1519 3550 F,
1532 3451 1606 3524 loci
1623 3451 1728 3526 func-

234 3585 368 3671 tiones,
401 3607 485 3681 quae
521 3583 725 3658 uniformes
753 3597 791 3657 et
817 3607 1064 3682 monogeneae
1091 3597 1187 3673 sunt,
1216 3608 1344 3658 earum
1381 3584 1525 3658 duabus
1558 3609 1594 3673 z,
1621 3592 1638 3657 t
1669 3585 1731 3657 via

235 3715 409 3790 rationali
428 3719 584 3814 exprimi
601 3730 770 3815 possunt,
793 3743 879 3791 cum
897 3743 921 3790 z
940 3731 979 3790 et
996 3724 1013 3790 t
1030 3715 1242 3816 algebraica
1269 3720 1484 3814 aequatione
1510 3715 1554 3790 F
1557 3716 1601 3814 (z,
1614 3715 1639 3811 t)
1651 3739 1731 3790 =0

236 3850 385 3946 generis
412 3857 443 3946 p
480 3851 768 3947 coniungantur.
803 3848 1035 3946 Algebraica
1068 3849 1213 3924 functio
1248 3859 1266 3923 t
1296 3849 1410 3948 ipsius
1444 3877 1469 3924 z
1494 3847 1731 3948 superficiem

236 3982 552 4056 Rruuxurrianam
587 4007 656 4080 per
691 3982 935 4058 Eucmonum
970 3983 1166 4082 z-planum
1202 3995 1403 4072 extensam,
1440 4008 1525 4080 quae
1559 3985 1731 4057 varietati

235 4115 290 4218 F,
317 4117 417 4189 datae
451 4116 766 4190 homoeometrica
796 4132 864 4206 est,
893 4115 1034 4191 definit.
1063 4117 1103 4190 Si
1130 4141 1206 4192 non
1233 4143 1254 4190 a
1280 4119 1458 4191 varietate
1481 4119 1519 4190 in
1546 4141 1585 4190 se
1611 4117 1729 4214 ipsam

235 4251 432 4339 redeunte,
460 4251 527 4323 sed
566 4251 613 4324 ab
653 4253 865 4348 aequatione
903 4251 947 4324 F
950 4251 995 4349 (z,
1016 4249 1134 4348 tlzo
1169 4251 1389 4347 algebraica,
1421 4273 1506 4346 quae
1533 4251 1729 4348 generisp

235 4384 334 4458 inter
361 4384 453 4458 duas
479 4382 676 4458 variabiles
693 4409 723 4473 z,
742 4391 759 4458 t
776 4397 843 4474 est,
871 4383 1154 4483 proficiscimur,
1174 4387 1212 4456 in
1231 4381 1428 4482 superficie
1452 4382 1730 4456 Rrrmxrmiana

236 4515 299 4617 R,
325 4513 535 4606 efficienda,
563 4543 648 4616 quae
676 4543 787 4619 supra
820 4519 1016 4616 z-planum
1043 4518 1289 4592 Eucnmnum
1317 4532 1472 4592 extensa
1498 4531 1555 4592 est
1581 4531 1619 4590 et
1644 4542 1729 4615 quae

236 4675 374 4724 nexum
400 4649 604 4727 functionis
629 4652 851 4750 algebraicae
880 4660 897 4726 t
921 4651 1105 4751 exprimit,
1125 4651 1228 4726 nulla
1246 4651 1467 4726 difficultate
1484 4651 1730 4749 implicamur.
