4426 5620
469 689 506 763 78
1116 703 1143 746 1².
1166 690 1307 746 sracrrru

468 912 614 983 sionum
641 909 919 1007 contemplatus
944 909 1233 1006 integrationem
1258 905 1515 981 functionibus
1542 903 1693 980 efficere
1712 920 1870 980 conatus
1890 919 1954 996 est,

469 1067 554 1141 quae
582 1040 708 1115 littera
734 1040 838 1115 theta
864 1037 1140 1138 significantur,
1167 1041 1280 1138 quod,
1309 1064 1395 1114 cum
1421 1039 1519 1113 iusto
1551 1037 1734 1114 minorem
1761 1065 1956 1114 numerum

469 1177 719 1251 constantium
759 1175 1036 1248 arbitrariamm
1075 1171 1270 1262 invenerit,
1310 1173 1344 1246 ei
1383 1173 1504 1248 minus
1542 1197 1724 1272 prospere
1767 1173 1955 1248 successit.

468 1310 645 1407 Denique
671 1309 911 1396 Vonrnrrnm,
938 1307 1008 1382 viri
1043 1306 1246 1396 clarissimi,
1274 1309 1430 1406 vestigia
1460 1320 1610 1382 secutus
1643 1310 1701 1381 vir
1735 1305 1957 1380 clarissimus

469 1467 524 1516 DA
550 1443 582 1517 F
584 1463 787 1517 nnucnsco
815 1439 945 1538 (1900),
974 1441 1167 1540 quomodo
1185 1439 1268 1514 haec
1287 1441 1447 1538 quaestio
1466 1443 1701 1540 quadraturis
1719 1441 1813 1515 solvi
1830 1440 1955 1540 possit,

467 1576 655 1650 indicavit.

542 1708 599 1782 Ut
623 1705 738 1782 finem
764 1708 910 1798 faciam,
938 1709 994 1782 vir
1020 1707 1244 1782 clarissimus
1280 1705 1323 1781 F.
1348 1705 1479 1781 Kurrv
1514 1707 1633 1806 (1897)
1668 1722 1812 1782 motum
1848 1707 1957 1782 nullis

468 1977 743 2048 dimensionum
769 1975 937 2072 vagantis
963 1976 1014 2048 ita
1040 1973 1314 2064 determinavit,
1350 1988 1392 2049 ut
1426 1999 1630 2048 massarum
1657 1973 1956 2049 distributionem

467 2107 695 2208 peculiarem
714 2120 883 2208 poneret.
901 2108 1028 2182 Motus
1046 2109 1229 2205 quosdam
1247 2107 1387 2183 viribus
1406 2109 1570 2182 externis
1588 2107 1744 2183 effectos
1758 2130 1813 2182 DA
1827 2107 1955 2182 811111-

468 2263 589 2315 casco
628 2241 750 2338 (1901)
787 2243 970 2330 tractavit,
1006 2240 1068 2336 qui
1104 2239 1340 2314 conditiones
1374 2241 1517 2314 invenit
1551 2243 1604 2314 eis
1643 2239 1793 2330 similes,
1825 2241 1956 2338 quibus

469 2373 600 2473 positis
639 2387 783 2449 motum
823 2374 993 2474 corporis
1031 2375 1175 2471 gravidi
1211 2375 1249 2447 in
1284 2373 1405 2474 spatio
1439 2372 1643 2449 Eucnouo
1678 2373 1957 2449 considerantes

468 2508 694 2582 Laonnvcu
722 2521 760 2582 et
786 2506 916 2582 Soram
942 2508 1220 2582 Kownruwsm
1247 2507 1477 2606 aequationes
1505 2506 1772 2584 differentiales
1798 2509 1846 2582 ad
1871 2533 1956 2605 qua-

469 2645 638 2717 draturas
664 2643 901 2716 reduxerant.

541 2773 604 2848 De
632 2799 834 2872 corporum
862 2775 1162 2851 deformabilium
1190 2777 1409 2852 mechanica
1442 2775 1661 2876 appendicis
1687 2775 1774 2852 loco
1799 2777 1956 2852 nonnul·

468 2908 521 2983 las
547 2911 826 3008 disquisitiones
853 2933 1151 2984 commemorare
1178 2911 1300 2985 liceat.
1328 2911 1425 3006 Quae
1461 2913 1507 2982 sit
1533 2907 1654 2982 forma
1686 2923 1841 3001 catenae,
1874 2936 1955 3009 quae

468 3045 588 3143 spatio
617 3057 826 3117 curvaturae
855 3044 1059 3118 constantis
1086 3047 1310 3134 continetur,
1338 3067 1393 3116 DA
1420 3041 1658 3119 Francusco
1686 3043 1805 3140 (1900)
1835 3058 1955 3120 osten·

469 3177 534 3251 dit.
563 3177 833 3275 Aequationes,
861 3177 996 3276 quibus
1022 3176 1273 3274 aequilibrium
1300 3175 1470 3276 corporis
1500 3177 1643 3251 elastici
1677 3177 1835 3277 isotropi
1869 3176 1956 3254 defi-

469 3310 579 3401 nitur,
609 3311 816 3383 Bunrnnur
844 3307 963 3404 (1881)
991 3335 1033 3384 ea
1059 3309 1203 3383 ratione
1231 3309 1435 3399 constituit,
1463 3327 1504 3384 ut
1530 3314 1568 3384 in
1593 3313 1721 3410 spatiis
1747 3324 1955 3386 curvaturae

469 3443 674 3517 constantis
708 3445 876 3535 valeant,
911 3468 1023 3540 quem
1059 3457 1211 3517 secutus
1245 3442 1403 3518 Pnnova
1437 3443 1557 3541 (1889)
1591 3443 1786 3534 theoriam,
1822 3469 1906 3542 quae
1937 3471 1956 3518 a

469 3577 719 3650 Mnanunio
763 3602 903 3650 nomen
941 3581 1063 3665 traxit,
1108 3577 1234 3677 spatiis
1282 3590 1491 3652 curvaturae
1531 3567 1735 3652 constantis
1778 3577 1954 3652 adhibuit.

468 3709 604 3783 Eidem
632 3711 687 3784 rei
713 3711 783 3784 viri
810 3710 1003 3786 clarissimi
1030 3711 1286 3786 Souronmvn
1313 3709 1433 3808 (1888)
1460 3725 1499 3786 et
1526 3711 1831 3810 Crsln0(1894,
1855 3711 1955 3808 1896)

468 3867 622 3941 operam
658 3846 855 3918 dederunt.
890 3845 1068 3944 Denique
1102 3848 1172 3920 viri
1207 3846 1400 3921 clarissimi
1434 3844 1607 3919 8111911111
1643 3845 1761 3942 (1883)
1790 3860 1828 3921 et
1855 3845 1956 3920 Hrm

469 3975 587 4074 (1884)
616 3980 845 4074 quaestiones
868 3980 1046 4077 quasdam
1066 3979 1417 4078 hydrodynamicas,
1437 4005 1521 4077 quae
1540 4005 1738 4055 numerum
1758 3980 1955 4054 dimensio-

467 4137 556 4185 num
584 4114 698 4186 tertio
725 4113 904 4186 maiorem
931 4112 1082 4200 habent,
1109 4124 1375 4187 tractaverunt.

542 4244 681 4320 Omnia
708 4271 792 4344 quae
819 4248 857 4318 in
883 4245 952 4320 hac
980 4249 1299 4320 commentatione
1318 4249 1419 4321 dicta
1446 4260 1532 4321 sunt
1558 4249 1802 4346 respicientes
1821 4249 1955 4322 multos

468 4377 755 4454 mathematicos
781 4404 920 4477 eosque
948 4379 1119 4477 egregios
1146 4379 1310 4453 studium
1346 4383 1392 4454 ad
1428 4406 1509 4454 eam
1538 4382 1768 4455 mechanicae
1800 4397 1953 4480 partem,

468 4535 553 4609 quae
601 4512 647 4585 ad
693 4517 894 4588 varietates
941 4513 1191 4611 complurium
1238 4513 1513 4589 dimensionum
1553 4529 1710 4613 spectat,
1756 4515 1955 4590 contulisse

471 4644 724 4745 cognovimus.
753 4647 877 4744 Quod,
906 4671 990 4748 quae
1026 4659 1082 4724 est
1117 4650 1325 4748 argumenti
1351 4649 1522 4749 gravitas,
1550 4651 1760 4726 mirandum
1787 4675 1864 4726 non
1890 4662 1955 4724 est.
