4386 5624
539 709 583 756 DE
604 709 896 757 APPLICATIONIBUS
917 709 1122 756 onomata
1141 710 1320 756 ABSOLUTAE
1340 711 1538 758 mamrels.
1753 709 1787 770 17

296 936 388 1002 mus,
416 912 629 1012 superficiei
655 927 865 990 curvaturae
893 940 1068 990 mensura
1102 915 1244 1015 primus
1278 941 1366 992 usus
1401 930 1468 1007 est,
1495 917 1662 994 valorem
1697 942 1786 994 con-

295 1059 455 1122 stantem
481 1071 500 1120 c
525 1046 650 1122 habet.

368 1179 409 1254 Si
434 1183 472 1254 in
500 1207 536 1270 u,
555 1205 579 1254 o
606 1204 663 1254 eae
691 1181 949 1279 expressiones
974 1181 1194 1275 formantur,
1214 1209 1299 1282 quae
1322 1185 1569 1285 adeligendis
1594 1185 1651 1261 his
1678 1209 1785 1261 coor-

295 1313 428 1388 dinatis
454 1340 530 1388 non
558 1316 784 1414 dependent,
813 1315 1010 1411 qualitates
1043 1319 1239 1407 universae,
1266 1342 1353 1415 quae
1387 1317 1445 1392 his
1483 1321 1786 1418 expressionibus

294 1460 390 1537 sunt,
418 1449 652 1548 disciplinam
679 1447 901 1545 analyticam
929 1451 1171 1540 constituunt,
1199 1453 1238 1526 in
1264 1453 1368 1528 cuius
1394 1453 1564 1528 formulis
1598 1457 1785 1552 quantitas

294 1595 493 1681 capparet
518 1596 558 1658 et
584 1607 668 1681 quae
704 1581 806 1681 plani
841 1596 1051 1658 curvaturae
1087 1609 1301 1660 mensuram
1326 1611 1346 1659 c
1371 1586 1543 1661 habentis
1578 1587 1786 1686 geometria

296 1717 451 1812 cogitari
476 1728 622 1815 potest,
650 1718 837 1790 consentit
873 1719 973 1791 enim
1007 1719 1142 1816 primo,
1168 1722 1200 1794 si
1233 1741 1343 1793 c=0
1369 1733 1436 1808 est,
1464 1745 1551 1794 cum
1577 1722 1786 1818 geometria

293 1847 394 1947 plani
429 1848 625 1924 Euenum
659 1850 844 1949 analytica
886 1851 935 1950 (in
978 1876 1054 1949 quo
1096 1851 1360 1952 parallelarum
1393 1853 1624 1952 postulatum
1658 1853 1783 1951 valet),

294 1982 431 2056 deinde
461 1983 493 2056 si
517 2009 537 2056 c
562 1985 778 2081 negativum
804 1995 862 2057 est
889 2007 975 2058 cum
1005 1987 1341 2087 geometriaplani
1366 1989 1561 2088 analytica,
1592 1993 1699 2064 cuius
1725 2015 1784 2090 sy-

294 2106 412 2191 stema
430 2130 487 2191 est
506 2116 542 2206 S,
568 2117 628 2190 cui
653 2117 797 2192 Romu
823 2120 861 2192 in
886 2117 1114 2218 Appendice
1141 2146 1295 2232 Ἥρω
1315 2124 1430 2214 dedit,
1449 2137 1488 2198 et
1514 2125 1552 2197 in
1573 2147 1650 2220 quo
1669 2147 1783 2220 quan-

293 2251 389 2324 titati
427 2275 448 2325 a
485 2251 629 2325 Bonam
667 2254 686 2326 i
719 2253 924 2351 designatae
964 2255 1070 2330 valor
1100 2223 1255 2372 βξ
1278 2269 1344 2344 est,
1364 2255 1527 2352 denique
1555 2257 1585 2330 si
1610 2281 1629 2329 c
1653 2260 1782 2354 positi·

292 2411 381 2460 vum
408 2400 475 2476 est,
503 2411 590 2460 cum
617 2386 802 2486 analytica
827 2391 1035 2488 geometria
1057 2390 1095 2462 in
1121 2391 1278 2489 sphaera,
1302 2389 1408 2464 cuius
1433 2391 1558 2464 radius
1589 2357 1691 2507 ts}
1713 2405 1780 2482 est,

293 2519 401 2618 spatii
434 2517 630 2594 Eucnmur
666 2520 776 2604 soliti,
812 2524 873 2612 ita,
909 2536 951 2596 ut
983 2523 1137 2622 planum
1171 2525 1201 2598 si
1236 2546 1345 2597 σεο
1374 2537 1441 2613 est,
1469 2522 1724 2615 Eucurnnum,
1752 2526 1783 2598 si

292 2665 402 2734 c<0
427 2665 494 2744 est,
521 2655 778 2729 Boumranum
805 2657 836 2730 si
861 2669 970 2738 c>0
995 2669 1063 2746 est,
1091 2656 1409 2733 anuaurtiannm
1437 2659 1592 2731 dicatur.

365 2784 525 2862 Planum
551 2789 602 2862 ita
627 2790 666 2862 in
692 2791 908 2864 universum
935 2792 1092 2888 cogitari
1109 2815 1220 2887 posse
1248 2790 1276 2864 l.
1295 2791 1438 2864 Borm
1460 2793 1540 2889 ipse
1558 2791 1658 2866 haud
1676 2793 1781 2890 igno·

291 2943 385 3007 rare,
413 2943 499 2994 cum
526 2945 571 2995 ex
597 2921 788 2997 nonnullis
814 2923 895 2998 aliis
921 2923 950 2997 Ι.
976 2925 1120 2998 Romu
1146 2923 1412 3012 notationibus,
1437 2949 1529 3021 quas
1555 2925 1782 3000 clarissimus

291 3051 487 3127 SrAEcxnu
512 3078 558 3128 ex
584 3056 724 3132 relictis
751 3059 1012 3156 manuscriptis
1039 3059 1167 3147 edidit,
1186 3071 1267 3130 tum
1294 3082 1340 3130 ex
1358 3059 1390 3148 ὅ.
1410 3079 1443 3152 9.
1471 3057 1782 3158 Responsionis,*

290 3211 401 3284 quam
422 3190 497 3262 iam
523 3191 562 3262 in
588 3188 874 3267 Introductione
901 3194 1207 3282 commemoravi,
1235 3191 1484 3289 cognoscitur,
1513 3192 1578 3266 ubi
1604 3193 1705 3267 enim
1731 3197 1779 3270 de

290 3321 565 3418 superficie
592 3327 807 3423 undique
834 3327 1065 3401 uniformi
1093 3329 1279 3401 disserens
1313 3326 1396 3401 haec
1419 3327 1527 3401 dicit:
1562 3327 1779 3421 «Quantita-

288 3465 366 3528 tem
384 3454 486 3529 illam
512 3483 569 3545 r»,
595 3459 726 3556 inquit,
754 3484 847 3557 «qua
864 3459 982 3534 latera
999 3460 1174 3558 trianguli
1191 3460 1400 3557 rectangnli
1416 3464 1455 3535 in
1472 3460 1671 3559 superficie
1690 3486 1779 3558 qua-

288 3589 343 3662 vis
369 3591 535 3686 undique
561 3589 738 3665 uniformi
764 3595 957 3668 existentis
982 3593 1184 3668 dividenda
1209 3607 1306 3684 sunt,
1333 3607 1374 3668 nt
1399 3597 1513 3668 statui
1542 3597 1660 3693 possit

797 3801 1292 3947 ml=mssmff‚

893 3941 916 3989 r
1094 3943 1117 3990 r
1237 3943 1259 3990 r

288 4145 321 4196 e.
348 4147 383 4220 g.
409 4137 664 4224 parametrum
690 4125 799 4202 huius
825 4126 1039 4227 superficiei
1065 4129 1256 4229 appellare
1282 4129 1538 4228 placeat...».

360 4255 402 4332 Si
432 4257 461 4332 l.
488 4260 631 4334 Bomu
667 4260 812 4352 Gauss,
847 4262 918 4336 viri
951 4265 1098 4353 summi,
1134 4287 1240 4362 opus,
1280 4265 1383 4361 quod
1417 4265 1632 4338 inscribitur
1669 4262 1778 4338 «Dis-

286 4389 506 4490 quisitiones
555 4396 750 4494 generales
802 4398 902 4472 circa
951 4394 1169 4496 superficies
1221 4420 1373 4471 curvas·
1429 4408 1467 4472 et
1517 4399 1620 4497 quod
1679 4422 1777 4472 anno

358 4694 614 4746 *Mathemntisehe
630 4695 685 4746 und
702 4695 822 4746 Naturae.
840 4695 966 4747 Berichte
982 4711 1031 4748 aus
1048 4697 1166 4761 Unger-n,
1185 4703 1248 4747 tom.
1266 4697 1337 4754 xvt,
1355 4709 1414 4762 pag.
1432 4697 1485 4758 289.
