4386 5624
407 663 426 722 4
1014 668 1042 710 r.
1065 666 1289 714 scurnsmonr

404 868 648 968 biperiodicae
671 869 774 970 plani
791 869 987 945 Eucnrom
1013 873 1321 950 translationibus
1347 889 1444 966 sunt,
1472 878 1519 950 ad
1545 877 1779 952 functionum
1806 879 1898 953 clas-

405 1025 484 1076 sem
512 1003 744 1094 deducimur,
772 1028 869 1100 quae,
898 1018 1082 1102 quatenus
1108 991 1222 1081 unius*
1242 1010 1431 1084 variabilis
1457 1010 1669 1084 functiones
1695 1014 1900 1086 extendun-

405 1149 476 1228 tur,
503 1136 682 1211 naturalis
704 1137 1021 1236 biperiodicarum
1039 1141 1275 1216 functionum
1295 1141 1422 1216 classis
1441 1144 1704 1242 generalisatio
1727 1146 1898 1220 conside·

405 1271 522 1344 randa
548 1283 616 1344 est.

478 1403 771 1503 Complexarum
807 1409 1056 1505 quantitatum
1096 1407 1276 1508 analysim
1319 1423 1357 1484 et
1394 1411 1640 1509 geometriam
1677 1413 1899 1502 absolutam,

404 1541 596 1638 praecipue
635 1541 883 1638 geometriam
911 1541 1012 1640 plani
1050 1542 1222 1632 absoluti,
1258 1544 1623 1645 hypersphaerarum,
1656 1545 1899 1645 sphaerarum,

408 1673 731 1772 parasphaerarum
758 1674 856 1749 inter
882 1699 921 1748 se
948 1676 1185 1751 cohaerentes
1211 1702 1304 1770 esse,

968 1870 1143 1948 onuxns
1170 1873 1329 1947 Borxar

404 2075 461 2148 vir
486 2074 766 2166 illustrissimus,
794 2079 859 2174 qui
884 2079 1103 2176 geometriae
1131 2077 1314 2152 absolutae
1342 2091 1452 2152 autor
1482 2091 1549 2170 est,
1572 2079 1646 2154 iam
1672 2083 1900 2180 perspexit*

405 2209 511 2281 cuius
535 2221 741 2306 geometrae
768 2211 990 2284 memoriam
1016 2210 1089 2285 hoc
1116 2209 1247 2285 libello
1281 2212 1512 2288 celebraturi
1538 2237 1676 2288 sumus.
1712 2213 1781 2288 Eae
1807 2215 1900 2288 rela-

404 2343 526 2416 tiones
553 2355 690 2430 autem,
719 2367 803 2440 quae
831 2358 916 2418 sunt
942 2347 1040 2418 inter
1067 2345 1283 2444 complexas
1317 2345 1548 2442 quantitates
1583 2361 1621 2422 et
1655 2349 1901 2446 geometriam

407 2474 629 2564 absolutam,
649 2501 811 2574 quaeque
838 2479 885 2551 ad
911 2478 1095 2552 theoriam
1114 2481 1346 2554 functionum
1368 2481 1507 2569 classis,
1526 2505 1639 2578 quam
1658 2505 1768 2581 supra
1795 2506 1897 2556 com-

405 2610 707 2699 memoravimus
734 2622 917 2709 spectant,
945 2611 1225 2710 exploratorum
1253 2613 1451 2702 fructibus,
1478 2617 1703 2710 inquorum
1743 2639 1901 2689 numero

403 2745 596 2843 praecipue
622 2737 836 2818 Burrxxrar
854 2755 892 2817 et
910 2743 1131 2834 Porxcsnb,
1150 2747 1218 2819 viri
1244 2745 1500 2838 illustrissimi,
1523 2748 1680 2846 putandi
1697 2761 1792 2837 sunt,
1812 2771 1900 2822 con-

405 2878 582 2951 tinentur.
610 2877 673 2951 De
700 2902 860 2974 quorum
887 2881 986 2952 enim
1013 2881 1182 2953 virorum
1210 2883 1396 2954 sententia
1414 2881 1625 2955 Borunrani
1642 2881 1744 2981 plani
1761 2895 1901 2980 puncta

407 3010 642 3084 uniformiter
660 3011 944 3110 complexorum
962 3011 1132 3086 valorum
1147 3015 1380 3088 universitati
1394 3015 1573 3113 assignari
1586 3029 1744 3114 possunt
1758 3040 1900 3106 eorum,

406 3146 453 3218 ad
479 3169 573 3242 quos

971 3243 1338 3342 1÷c(p²-t-q²)go

404 3425 471 3503 est,
499 3413 609 3486 ubic
636 3436 722 3486 cum
753 3414 914 3511 positiva
948 3415 1154 3512 quantitate
1190 3442 1211 3489 a
1244 3415 1407 3490 Bonum
1433 3419 1471 3489 in
1501 3416 1767 3515 «Appendices
1798 3421 1816 3491 i
1838 3420 1901 3494 de·

410 3545 565 3646 signata,
594 3571 679 3643 quae
708 3551 893 3644 quantitas
919 3549 1018 3622 illius
1044 3548 1146 3648 plani
1173 3549 1380 3623 Bormrani
1405 3550 1481 3622 vim
1517 3547 1657 3639 definit,
1690 3549 1902 3648 aequatione

409 3685 605 3754 ci²=-1
637 3679 884 3778 coniungitur.
913 3681 997 3776 Qua
1023 3707 1063 3756 re
1090 3683 1279 3781 complexi
1303 3683 1450 3756 valores

977 3861 1089 3950 q=p
1101 3869 1146 3927 ‘¹'
1159 3878 1183 3950 q
1198 3837 1321 3941 μ-Ῑν

404 3947 450 4020 ad
477 3971 571 4046 quos

954 4046 1341 4145 1÷ctp²÷q²lzo

403 4225 471 4304 est,
491 4211 595 4313 plani
621 4215 828 4288 Bormani
852 4218 1000 4315 punctis
1026 4218 1064 4290 in
1089 4215 1274 4292 infinitum
1301 4219 1460 4293 remotis
1485 4221 1781 4320 respondebunt,
1797 4223 1901 4296 cuius

478 4470 552 4521 *Ad
574 4471 634 4522 haec
659 4471 782 4524 conferas
810 4473 847 4536 sl.
870 4487 956 4534 p-rr.
980 4471 1180 4538 Responsionis,
1204 4489 1285 4539 quarn
1310 4475 1456 4534 Srmcxrr,
1480 4476 1522 4526 vir
1542 4476 1713 4536 clarissimus,
1730 4492 1762 4527 ex
1778 4476 1819 4535 iis.
1836 4491 1898 4542 quae

401 4561 434 4610 Ι.
464 4561 573 4610 Borxxr
598 4559 713 4625 reliquit,
738 4561 822 4612 edidit
848 4561 1083 4624 (Mathematische
1108 4563 1162 4612 und
1189 4563 1530 4614 Naturwissenscbaltlicbe
1557 4563 1683 4614 Berichte
1708 4581 1757 4616 rus
1783 4565 1900 4629 Ungam.

407 4656 426 4700 t.
444 4649 517 4709 XVI.
531 4663 589 4715 pag.
602 4653 656 4702 288.
669 4652 737 4717 squ.)
755 4657 782 4702 et
798 4665 845 4702 eas
855 4657 940 4709 noma,
953 4665 1021 4716 quas
1031 4649 1100 4702 idern
1113 4651 1249 4702 ercxrr
1260 4652 1345 4704 edidit
1357 4652 1459 4718 (eodem
1471 4653 1531 4703 loco
1543 4659 1560 4702 t.
1572 4652 1674 4711 XVIII.
1686 4667 1745 4718 pag.
1758 4657 1811 4717 ²⁵⁶·
1823 4651 1901 4718 squ).
