4386 5624
437 694 477 754 30
1044 697 1071 739 ι.
1094 694 1317 740 scucrsmonn

511 897 1013 974 Dilierentio-differentialis
1048 903 1268 999 aequationis
1296 900 1353 998 (6),
1386 901 1454 974 Nr.
1483 899 1532 974 ΙΙ.
1560 901 1766 976 solutiones
1793 903 1839 976 ad
1866 928 1928 977 va·

437 1033 579 1106 rietatis
613 1032 668 1132 F,
693 1031 777 1106 loca
812 1033 948 1122 omnia,
976 1057 1060 1131 quae
1097 1036 1144 1108 ab
1180 1034 1247 1130 (aa,
1268 1031 1317 1128 b.)
1352 1033 1540 1123 differunt,
1572 1034 1772 1132 regulares,
1799 1035 1839 1108 id
1873 1048 1930 1109 est

437 1165 654 1254 uniformes
681 1163 809 1255 finitae,
842 1167 1031 1240 continuae
1059 1169 1160 1240 etin
1191 1166 1283 1240 locis
1319 1165 1386 1262 (aa,
1407 1163 1455 1260 br)
1490 1168 1579 1265 ipsis
1613 1191 1689 1239 non
1723 1165 1927 1240 indefinitae

437 1311 533 1390 sunt,
569 1311 610 1372 ut
647 1299 771 1398 primo
810 1297 894 1397 qlz)
934 1297 1124 1374 rationalis
1162 1301 1328 1399 ipsorum
1373 1306 1418 1398 (z,
1447 1301 1473 1398 t)
1516 1299 1659 1375 functio
1699 1300 1756 1390 sit,
1792 1299 1929 1374 deinde

437 1429 600 1528 aequatio
627 1428 1116 1508 differendo-differentialis
1151 1435 1230 1509 eius
1266 1433 1403 1522 classis,
1431 1459 1516 1533 quae
1544 1434 1765 1509 Fucusiana
1792 1435 1928 1534 apella·

437 1578 508 1654 tur,
528 1565 585 1652 sit,
604 1576 683 1637 tum
711 1565 967 1660 aequationum
993 1565 1328 1641 fundamentalium
1356 1581 1394 1641 et
1416 1567 1756 1658 determinantium,
1776 1593 1860 1667 quae
1882 1570 1929 1642 ad

438 1709 579 1796 puncta
592 1695 791 1794 singularia
803 1725 935 1788 τεαὶ,
956 1701 1060 1783 ίεόι
1073 1702 1273 1798 pertinent,
1284 1701 1452 1774 radicum
1467 1699 1689 1775 differentiae
1703 1701 1849 1777 valores
1867 1681 1929 1841 ᾗ

438 1843 637 1904 assumant.
678 1829 975 1907 Proiectivarum
1014 1835 1332 1924 substitutionum,
1360 1859 1452 1933 quas
1486 1833 1721 1932 integralium
1756 1839 1863 1926 rati0,
1899 1839 1930 1910 si

437 1977 619 2063 punctum
646 1965 693 2060 (z,
712 1962 739 2060 t)
766 1987 898 2040 omnes
924 1969 962 2041 in
987 1967 1042 2068 F,
1067 1971 1105 2042 in
1132 1993 1170 2042 se
1205 1969 1409 2042 redeuntes
1435 1992 1566 2042 cursus
1591 1971 1788 2066 percurrit,
1817 1970 1927 2059 subit,

437 2101 668 2190 universitas,
697 2101 971 2176 coniunctionis
996 2102 1031 2177 G
1056 2103 1361 2176 translationibus
1387 2103 1506 2176 datur.

510 2231 698 2306 Videmus
732 2234 780 2307 ad
813 2234 924 2332 plane
959 2233 1215 2310 definiendum
1241 2237 1448 2335 problema,
1477 2262 1551 2334 quo
1587 2237 1634 2310 de
1668 2237 1846 2310 uniformi
1884 2263 1926 2311 ac

438 2371 624 2444 conformi
642 2369 853 2470 superficiei
879 2367 964 2470 F„
988 2371 1323 2468 repraesentatione
1345 2372 1383 2444 in
1401 2369 1633 2470 polygonum
1655 2375 1735 2470 Q
1758 2370 1927 2444 normale

438 2505 569 2603 agitur,
599 2505 754 2602 angulos
780 2507 818 2578 in
846 2505 1000 2603 singulis
1026 2505 1151 2601 anguli
1175 2506 1335 2604 punctis,
1363 2528 1447 2602 quae
1475 2505 1604 2603 cyclos
1631 2503 1809 2596 efficiunt,
1837 2507 1926 2578 dan·

437 2639 506 2711 dos
538 2661 630 2728 esse,
667 2651 779 2738 atque
814 2640 876 2730 ita,
912 2652 953 2712 ut
987 2638 1164 2736 aliquotae
1199 2639 1313 2736 ipsius
1350 2657 1401 2711 arr
1434 2650 1561 2736 partes
1591 2639 1675 2728 sint,
1710 2639 1787 2713 sive
1823 2639 1926 2736 quod

435 2772 536 2844 idem
564 2785 630 2862 est,
658 2783 860 2846 trematum
887 2797 944 2862 a„
962 2827 970 2844 .
987 2828 994 2844 .
1012 2825 1037 2860 .,
1052 2797 1095 2855 a,
1121 2771 1255 2868 cuique
1281 2795 1480 2845 numerum
1508 2772 1695 2870 integrum
1723 2773 1925 2868 quemdam

431 2930 512 3001 g1,.
529 2961 536 2976 .
554 2959 579 2994 .,
593 2932 640 3003 g.
678 2905 939 3002 assignandum
977 2929 1069 2995 esse,
1098 2907 1161 3002 qui
1194 2902 1256 2978 vel
1286 2901 1451 2976 infinitus
1487 2929 1568 2978 esse
1602 2917 1739 3002 potest,
1775 2929 1927 3003 quoque

438 3051 588 3136 quantae
616 3040 689 3112 sint
716 3039 934 3136 angulorum
964 3061 1121 3112 summae
1148 3039 1185 3110 in
1212 3037 1366 3135 singulis
1391 3037 1507 3137 ipsius
1528 3043 1608 3136 ΦΜ,
1625 3036 1750 3134 anguli
1768 3051 1926 3137 puncto-

439 3195 522 3245 rum
550 3172 676 3271 cyclis,
704 3174 986 3247 determinatur.

511 3301 692 3377 Numeris
712 3313 753 3402 p,
775 3331 797 3378 r
822 3316 860 3378 et
881 3329 962 3400 g1,.
980 3359 987 3374 .
1004 3358 1027 3391 .,
1039 3329 1085 3400 g,
1105 3314 1230 3376 autern
1257 3303 1429 3377 indicatis
1456 3303 1556 3402 plani
1582 3303 1630 3393 P,
1653 3305 1691 3376 in
1718 3329 1794 3402 quo
1819 3305 1926 3404 poly-

436 3461 577 3535 gonum
611 3435 781 3510 normale
819 3443 898 3536 (bgp
925 3435 1150 3526 continetur,
1182 3438 1236 3510 vis
1274 3437 1385 3536 plane
1420 3435 1574 3511 definita
1608 3451 1674 3510 est.
1716 3437 1927 3512 Curvatura

436 3570 581 3667 integra
607 3571 707 3642 enim
734 3569 915 3668 polygoni
944 3577 1023 3670 Φῆ),
1048 3573 1086 3643 11
1104 3569 1218 3669 plano
1241 3569 1367 3658 Psiti,
1388 3573 1489 3667 quod
1516 3571 1797 3670 4p÷2(r-1)
1816 3572 1928 3646 rectis

435 3704 542 3777 lineis
568 3702 780 3793 includitur,
808 3704 967 3777 formata
993 3706 1201 3777 secundum
1228 3703 1362 3780 Gauss
1388 3706 1571 3780 habemus

803 3948 1004 4070 11111113
1040 3879 1055 3910 '
1092 3933 1559 4065 ΞΕ-1411-1-21-4171,

1013 4103 1073 4152 r=1
1107 4045 1151 4116 g,

437 4235 502 4309 ubi
527 4237 590 4310 dw
617 4249 674 4310 est
700 4262 785 4311 area
811 4237 989 4312 elementi
1015 4237 1116 4336 plani
1142 4238 1189 4328 P,
1218 4253 1256 4314 et
1286 4237 1466 4337 integrale
1493 4263 1562 4338 per
1586 4239 1820 4339 polygonum
1850 4247 1929 4338 chry

437 4372 716 4444 extendendum
744 4385 810 4444 est.
843 4371 929 4466 Qua
962 4373 1186 4469 aequatione,
1215 4397 1300 4446 cum
1336 4373 1457 4447 factor
1476 4355 1598 4476 111111
1626 4401 1646 4449 e
1673 4386 1804 4448 natura
1829 4375 1928 4474 posi·

436 4505 534 4579 tivus
556 4507 614 4595 sit,
633 4518 674 4579 ut
700 4508 916 4603 quantitatis
941 4531 960 4580 c
986 4508 1143 4604 signum,
1170 4508 1222 4579 ita
1246 4506 1348 4604 plani
1365 4506 1553 4581 Pnatura
1570 4504 1756 4580 definitur.
1782 4505 1826 4580 In
1844 4507 1929 4580 bre-

439 4638 536 4712 viter
574 4639 798 4737 disputando
838 4641 1016 4736 sequitur,
1051 4652 1093 4713 ut
1131 4641 1169 4713 in
1208 4640 1354 4714 casibus
1391 4639 1625 4737 quibusdam,
1658 4640 1721 4740 qui
1756 4653 1929 4716 accurate
