4386 5624
522 697 565 742 DE
585 696 879 744 Arpurcxrloutuus
900 699 1103 746 nucum
1123 701 1303 748 assotum
1323 703 1526 749 auarurlcts
1745 704 1780 764 13

290 905 378 978 ferri
403 902 573 1004 possunt)
598 903 710 979 lineae
745 929 855 980 arcus
888 917 1094 980 mutantur.
1122 907 1179 980 Ita
1212 907 1445 1005 polygonum
1475 911 1651 998 nascitur,
1676 913 1780 1007 quod

293 1036 373 1136 ⁰52„
404 1039 653 1112 nominemus.
688 1035 841 1112 Deinde
876 1040 1013 1114 iterum
1052 1040 1103 1112 ita
1141 1037 1343 1112 deformari
1380 1038 1565 1138 fingimus,
1601 1055 1643 1116 ut
1680 1067 1780 1119 nunc

291 1173 536 1270 congruentia
562 1171 649 1244 bina
666 1169 784 1246 latera
802 1170 945 1246 infinite
965 1171 1035 1246 alia
1053 1171 1132 1246 aliis
1150 1173 1463 1272 appropinquent,
1487 1198 1599 1270 quarn
1625 1178 1782 1250 varieta-

290 1318 367 1378 tem
396 1303 478 1404 QZ,
503 1305 719 1404 apellamus.
746 1304 926 1403 Denique
961 1305 1141 1380 lateribus
1175 1305 1384 1403 coniugatis
1418 1307 1514 1380 binis
1548 1307 1777 1406 conglutina-

289 1440 335 1512 tis
361 1438 509 1512 adeam
527 1437 747 1512 varietatem
777 1437 857 1538 Φίῗρ
882 1439 1137 1538 pervenimus,
1155 1463 1253 1536 quae,
1274 1463 1359 1516 cum
1386 1439 1424 1514 in
1450 1440 1544 1515 locis
1569 1471 1610 1526 aa
1632 1446 1781 1542 punctis

290 1573 465 1646 extremis
498 1571 534 1654 l..-
565 1571 880 1670 respondentibus
914 1585 953 1648 et
986 1575 1025 1646 in
1051 1572 1138 1646 loco
1164 1602 1220 1663 a„
1249 1575 1313 1672 qui
1339 1598 1384 1647 ex
1409 1576 1620 1651 coniunctis
1638 1577 1781 1675 angulis

289 1683 343 1796 ill
369 1703 555 1803 provenit,
582 1715 742 1778 tremata
768 1707 952 1796 ostendat,
972 1707 1272 1806 ap-l-r-pliciter
1297 1732 1476 1796 connexa,
1495 1735 1518 1782 r
1534 1711 1684 1808 punctis
1700 1708 1781 1782 fini-

290 1838 438 1912 entibus
464 1838 622 1912 limitata
646 1841 806 1914 van'etas
832 1852 900 1914 est.
928 1839 1073 1916 Puncta
1099 1871 1307 1930 n1,...,a,
1327 1866 1413 1940 quae
1439 1855 1526 1916 sunt
1550 1845 1589 1917 in
1615 1855 1782 1918 extrema

290 1970 511 2070 superficiei,
551 1975 590 2046 iu
633 1972 749 2048 lineas
790 1976 941 2070 quasvis
982 1971 1157 2048 finientes
1205 1972 1449 2073 amplificatas
1491 1999 1573 2050 esse
1617 1978 1782 2074 cogitare

289 2128 498 2202 possumus,
529 2129 603 2204 qua
636 2131 678 2182 re
712 2106 930 2206 superficies
965 2107 1144 2182 normalis
1177 2108 1392 2184 Bouxnrana
1422 2108 1502 2207 ipsa
1531 2111 1667 2208 prodit,
1695 2135 1781 2209 quae

291 2245 508 2336 ap-t-r-—l
549 2241 780 2316 sectionibus
818 2243 856 2314 in
895 2241 1116 2339 simpliciter
1149 2265 1357 2316 connexam
1391 2245 1612 2318 varietatem
1651 2268 1782 2318 conse-

291 2373 367 2445 cari
392 2383 530 2470 potest.
557 2373 654 2467 Quae
682 2375 874 2473 polygono
905 2381 1002 2474 Q,
1030 2399 1154 2472 aquo
1186 2377 1325 2474 egressi
1355 2401 1493 2465 sumus,
1525 2377 1780 2451 homoeomor-

289 2504 363 2604 pha
387 2519 455 2582 est.

364 2639 466 2713 Hinc
495 2641 672 2737 sequitur,
691 2653 734 2713 ut
760 2665 872 2715 omne
896 2641 1140 2741 polygonum,
1164 2645 1342 2716 cuiusvis
1361 2656 1418 2717 est
1437 2651 1535 2744 Q,
1562 2648 1781 2722 varietatem

292 2773 595 2872 2p÷r·pliciter
621 2797 828 2848 connexam
856 2799 879 2847 r
904 2774 1011 2850 lineis
1048 2773 1264 2850 finientibus
1298 2776 1493 2851 limitatam
1529 2803 1550 2852 e
1580 2781 1671 2853 situs
1697 2805 1781 2854 ana-

290 2907 360 3006 lysi
385 2906 549 2982 definiat.

364 3041 602 3140 Polygonum
632 3049 712 3141 Q,
735 3055 921 3140 praeterea
947 3047 1048 3118 varie
1075 3045 1332 3119 transformari
1362 3059 1497 3144 potest.
1525 3045 1722 3145 Polygono
1749 3073 1781 3121 e.

290 3199 324 3272 g.
351 3173 458 3248 lineis
484 3175 725 3272 quibuslibet,
752 3201 838 3272 quae
861 3202 906 3250 ex
933 3177 1126 3277 polygono
1160 3202 1237 3250 non
1268 3190 1406 3251 exeunt
1431 3203 1554 3276 neque
1581 3204 1631 3268 se,
1659 3205 1783 3277 neque

291 3305 372 3382 aliae
400 3308 489 3384 alias
515 3323 654 3398 secant,
673 3335 835 3408 quaeque
862 3312 910 3385 ab
937 3311 1062 3409 anguli
1087 3323 1231 3410 puncto
1257 3309 1539 3410 proficiscentes
1565 3315 1613 3388 ad
1635 3328 1783 3390 ceteros

291 3441 446 3538 angulos
472 3444 626 3532 ducunt,
653 3445 692 3516 in
717 3455 967 3543 4p÷2r—5
988 3444 1190 3542 particulas
1208 3444 1454 3543 triangulares
1472 3447 1592 3520 diviso
1621 3449 1782 3546 particu-

291 3573 411 3648 larum
437 3599 458 3648 a
484 3575 633 3650 duobus
658 3576 839 3676 polygoni
857 3577 1038 3652 lateribus
1056 3579 1297 3652 limitatarum
1316 3579 1450 3676 aliqua,
1470 3581 1547 3654 sive
1563 3609 1595 3668 a,
1615 3580 1785 3656 exsoluta

292 3709 434 3807 expleri
459 3722 585 3808 potest
610 3709 937 3811 homoeomorpha,
965 3738 1051 3810 quae
1078 3713 1271 3812 polygono
1298 3714 1580 3786 accomodanda
1602 3725 1659 3788 est
1683 3714 1785 3790 iuxta

291 3843 329 3915 id
364 3841 470 3932 latus,
507 3844 609 3939 quod
644 3843 825 3943 polygoni
858 3845 1028 3934 laterum,
1057 3871 1141 3944 quae
1181 3849 1274 3921 adr
1307 3845 1541 3920 limitandum
1580 3849 1782 3945 pertinent,

292 3973 402 4048 alicui
436 3976 678 4072 coniugatum
715 3989 781 4050 est.
822 3977 896 4072 Qui
924 3979 1059 4052 modus
1093 3981 1337 4078 procedendi,
1372 3983 1547 4078 quotiens
1581 3981 1685 4070 veliS,
1724 4007 1781 4056 re·

291 4109 369 4206 peti
403 4120 539 4206 potest.
575 4109 815 4208 Polygonum
849 4097 946 4211 ὂψ,
978 4113 1080 4211 quod
1116 4137 1163 4186 eo
1198 4114 1314 4188 modo
1340 4127 1468 4188 natum
1495 4127 1562 4203 est,
1590 4116 1691 4188 idem
1718 4113 1784 4188 ho·

292 4242 597 4342 moeomorphum
628 4255 686 4316 est
712 4243 746 4316 ei
772 4247 942 4319 varietati
969 4245 1189 4344 simpliciter
1216 4269 1408 4336 connexae,
1428 4249 1466 4321 in
1492 4272 1603 4344 quam
1630 4258 1734 4346 ap-l-
1747 4275 1783 4323 r·

293 4375 441 4474 pliciter
483 4401 651 4450 connexa
692 4378 853 4452 varietas
894 4405 918 4452 r
960 4377 1066 4454 lineis
1108 4378 1324 4466 finientibus
1366 4380 1523 4456 limitata
1572 4385 1782 4456 sectionum

293 4521 379 4608 apte
406 4509 627 4584 dilectarum
655 4523 857 4610 systemate
884 4513 1000 4585 dividi
1025 4523 1162 4611 potest.
1187 4511 1374 4613 Polygoni
1403 4499 1499 4615 ἂρ,
1528 4518 1633 4589 cuius
1667 4516 1784 4590 latera

295 4643 383 4717 bina
416 4667 566 4744 quoque
602 4643 846 4744 congruentia
880 4657 976 4732 sunt,
1016 4644 1209 4743 quomodo
1244 4649 1369 4746 anguli
1408 4651 1662 4748 componendi
1699 4651 1782 4739 sint,
