4386 5624
499 711 543 754 DE
563 710 855 759 Arrucxrloxtnus
879 715 1082 762 enomere
1102 717 1282 764 Ausonum
1301 718 1497 766 exemere.
1727 718 1743 781 7

251 941 337 990 nem
356 917 514 992 theoriae
533 919 768 994 functionum
796 919 1101 996 Fucnsianarum
1120 921 1275 1022 (primae,
1296 927 1484 1015 secundae,
1504 939 1618 1000 sextae
1637 928 1742 1002 fami·

251 1048 322 1146 liae)
350 1065 388 1126 et
415 1066 657 1150 cognatarum
684 1055 920 1129 functionum
947 1057 1178 1154 quarundam
1205 1061 1334 1157 paucis
1360 1058 1603 1134 delineemus.
1628 1061 1742 1136 Com-

251 1199 543 1260 memoratarum
569 1189 801 1286 generalium
827 1189 1075 1282 functionum,
1095 1217 1181 1288 quae
1208 1192 1491 1268 substitutiones
1516 1197 1742 1292 proiectivas

249 1319 450 1416 patiuntur,
469 1319 615 1396 theoria
640 1322 753 1396 velim
779 1321 891 1421 plane
917 1323 1149 1424 neglegatur,
1169 1326 1346 1423 quoniam
1372 1325 1445 1402 boc
1473 1351 1568 1426 opus
1587 1353 1633 1401 eo
1651 1353 1739 1402 con·

251 1451 344 1542 silio,
372 1455 475 1552 quod
502 1469 761 1554 persequatur,
788 1455 988 1531 limitatum
1016 1471 1083 1533 est.

987 1796 1016 1872 I.

575 2051 626 2102 DE
651 2047 835 2103 ANALYsts
861 2049 968 2104 SITUS
994 2050 1408 2106 CONSIDERATIONIBUS.

320 2259 523 2352 minim,
550 2263 631 2338 viro
666 2263 927 2358 illustrissim0,
956 2265 1127 2356 debetur,
1159 2267 1261 2363 quod
1295 2266 1553 2363 perspeximus
1587 2267 1625 2338 in
1651 2290 1737 2340 ana·

245 2391 368 2494 lyticis
406 2397 650 2472 relationibus
692 2398 917 2498 quibusdam
952 2401 1182 2498 geometrice
1225 2397 1453 2473 illustrandis
1494 2423 1571 2472 non
1614 2397 1735 2474 solum

245 2529 442 2628 qualitates
476 2536 791 2629 geometricorum
825 2533 1029 2631 figurarum
1064 2536 1239 2608 metricas
1273 2537 1398 2632 magni
1431 2536 1614 2608 momenti
1641 2557 1734 2624 esse,

245 2665 442 2740 sedetiam
470 2691 543 2754 eas,
563 2667 601 2738 in
627 2667 762 2764 quibus
789 2669 837 2741 de
863 2667 1100 2766 portionibus
1127 2679 1164 2740 et
1190 2665 1406 2764 regionibus
1432 2665 1555 2741 solum
1581 2668 1736 2765 agitur*

243 2811 386 2873 utnon
411 2802 459 2874 ad
485 2803 732 2898 quantitatem
759 2813 871 2898 atque
898 2804 945 2876 ad
972 2801 1202 2876 extensionis
1224 2827 1448 2891 mensuram,
1468 2803 1534 2874 sed
1562 2802 1608 2874 ad
1635 2803 1735 2875 ordi·

242 2955 310 3006 nes
336 2947 375 3006 et
400 2936 491 3007 situs
517 2935 683 3025 modum,
704 2947 744 3009 ut
770 2935 821 3008 ill.
845 2935 1065 3009 L1sr1uo*⁴‘
1091 2934 1191 3024 dicit,
1218 2936 1442 3032 pertineant.
1471 2935 1618 3008 Harum
1645 2959 1733 3034 qua·

242 3065 388 3142 litatum
423 3070 604 3158 doctrina,
632 3093 717 3166 quae
744 3081 830 3142 sunt
855 3069 1094 3166 geometricis
1119 3067 1257 3166 figuris,
1285 3071 1457 3158 termino,
1485 3071 1591 3143 cuius
1624 3081 1735 3143 autor

242 3198 520 3292 mmmmm,
547 3202 604 3278 vir
629 3201 911 3292 illustrissimus,
935 3215 1002 3290 est,
1030 3199 1238 3300 Analysis
1265 3200 1386 3276 Situs
1411 3205 1634 3276 nominatur.
1663 3201 1733 3276 Su·

241 3333 479 3434 perficierum
506 3336 746 3434 qualitatibus
772 3349 909 3425 autem,
929 3360 1013 3433 qnae
1040 3336 1201 3435 analysis
1222 3338 1314 3410 situs
1337 3347 1432 3424 sunt,
1452 3336 1551 3408 idem
1571 3333 1733 3408 Ioannes

241 3467 383 3543 Bonuu
410 3495 563 3568 operam
591 3472 705 3544 dedit.
741 3469 785 3544 In
820 3470 945 3570 amplo
984 3471 1249 3568 manuscripto,
1277 3469 1381 3567 quod
1408 3469 1584 3542 extremis
1609 3470 1732 3542 aetatis

241 3604 345 3676 annis
372 3603 544 3694 confecit,
564 3606 743 3700 quodque
769 3603 1036 3679 Raumlehre
1062 3604 1287 3692 inscribitur,
1307 3601 1499 3676 nonnullae
1518 3601 1731 3675 notationes

240 3734 490 3824 inveniuntur,
527 3759 618 3834 quas
653 3736 858 3826 S‘rAEcxnu,
886 3739 944 3810 vir
977 3737 1213 3827 clarissimus,
1245 3738 1309 3834 qui
1334 3735 1407 3810 hoc
1433 3736 1729 3833 manuscriptum

240 3868 338 3940 inter
358 3867 489 3942 relicta
514 3872 767 3970 manuscripta
792 3872 946 3960 invenit,
966 3895 1116 3945 mecum
1134 3871 1296 3968 benigne
1315 3869 1617 3944 communicavit.

318 4000 507 4102 ·Simplex
532 4001 630 4078 linea
657 4017 714 4078 est
741 4029 871 4080 cursus
897 4007 1038 4105 puncti,
1066 4003 1169 4102 quod
1200 4001 1325 4078 locum
1352 4005 1524 4078 relictum
1552 4029 1629 4078 non
1654 4005 1728 4076 iam

310 4350 325 4386 *
342 4350 484 4410 mcxxxii.
503 4351 593 4416 Opera
610 4350 804 4403 Mathematica
820 4351 939 4416 (Lipsiae.
959 4351 1028 4414 1890)
1047 4365 1106 4416 pag.
1123 4363 1161 4413 91.

295 4441 325 4476 ¹*
342 4440 446 4492 Cenem
462 4439 623 4491 riumlicber
638 4441 785 4506 Complexo
802 4439 957 4504 (Gottingae.
978 4439 1048 4503 1862)
1065 4453 1124 4504 pag.
1145 4454 1180 4502 13.

278 4527 325 4564 *t*
341 4529 460 4579 Lrsrruo
476 4529 504 4579 in
520 4543 633 4580 numero
649 4529 768 4580 mundo
784 4527 996 4580 Praestudiorum
1006 4527 1163 4594 Topologiae
1180 4527 1334 4594 (Gottinger
1344 4527 1465 4586 Studien,
1479 4529 1547 4592 1847,
1565 4528 1585 4576 1.
1598 4525 1670 4590 pare)
1687 4524 1727 4577 sic

238 4615 319 4668 citat:
339 4618 378 4680 rie
391 4633 462 4682 croy,
479 4617 545 4682 qn'il
561 4633 630 4670 noue
646 4617 703 4669 faut
719 4631 800 4669 encor
816 4633 868 4669 nne
883 4623 960 4668 autre
976 4616 1085 4679 nnelyse
1101 4622 1273 4681 proprement
1281 4614 1479 4682 geometfique.
1493 4653 1498 4664 .
1512 4655 1517 4664 .
1536 4613 1582 4678 qul
1598 4628 1667 4664 noue
1682 4628 1726 4664 ex-

238 4705 325 4770 prime
341 4707 513 4759 directement
530 4706 646 4768 sitnm,
663 4721 768 4759 oomnre
784 4705 915 4772 l'Algbbre
931 4705 1051 4771 exprime
1067 4703 1371 4770 magnitudinem.»
