4386 5624
494 695 537 739 DE
560 695 754 740 nucusutca
771 695 975 740 VARlETATUM
997 697 1216 742 couenuutuu
1239 697 1479 742 brunusrouuu.
1696 681 1732 758 65

317 897 528 974 Iucundum
555 911 612 973 est
638 925 867 998 cognoscere
903 901 1065 999 planetae
1097 917 1242 976 motum
1273 905 1373 978 circa
1400 927 1538 1002 corpus
1565 903 1732 978 centrale

245 1029 517 1119 aKruurucro,
545 1034 625 1106 viro
657 1032 873 1124 clarissimo,
902 1036 965 1131 qui
1001 1035 1159 1109 eandem
1195 1038 1428 1111 attractionis
1464 1037 1586 1134 legem
1621 1049 1733 1134 atque

247 1163 419 1238 loauuns
447 1165 588 1238 Boruru
615 1166 750 1264 posuit,
783 1181 984 1241 tractatum
1016 1193 1097 1242 esse
1129 1168 1210 1264 (188
1215 1169 1268 1266 5),
1300 1173 1363 1268 qui
1388 1170 1562 1269 probavit
1589 1185 1733 1245 motum

246 1312 286 1370 ut
311 1299 350 1371 in
376 1299 499 1396 spatio
526 1298 732 1372 Eucnrnno
760 1299 842 1397 lege
870 1298 1139 1376 anrouiana
1164 1305 1286 1400 posita
1311 1305 1364 1376 ita
1396 1305 1435 1376 in
1469 1305 1591 1401 spatio
1627 1304 1733 1376 abso·

245 1431 325 1504 luto
353 1432 475 1504 curvis
501 1433 657 1504 secundi
684 1432 824 1506 ordinis
856 1436 1041 1508 contineri
1076 1447 1114 1508 et
1149 1437 1197 1509 ad
1231 1461 1401 1510 normam
1436 1435 1562 1534 legum
1588 1438 1734 1535 legibus

246 1562 504 1636 Kurnunianis
531 1563 706 1638 similium
732 1565 852 1664 dirigi.
879 1565 1024 1640 Eadem
1044 1569 1275 1643 attractionis
1302 1569 1397 1667 lege,
1417 1594 1528 1667 quam
1548 1569 1734 1644 Ioauunu

246 1696 389 1770 Bouvar
423 1699 609 1770 invenisse
645 1699 755 1772 valde
792 1701 1053 1774 admirandum
1089 1715 1157 1790 est,
1186 1703 1220 1774 ei
1256 1701 1510 1776 mathematici
1544 1705 1599 1776 usi
1635 1717 1731 1790 sunt,

246 1833 383 1928 quide
411 1830 556 1904 theoria
580 1831 784 1906 functionis
811 1835 1025 1931 potentialis
1053 1835 1100 1908 ad
1127 1837 1288 1932 spatium
1324 1835 1536 1910 absolutum
1568 1851 1733 1910 extensae

246 1968 495 2064 scripserunt;
524 1991 634 2064 quam
662 1991 742 2040 rem
770 1981 901 2065 postea
927 1968 1095 2066 pluribus
1122 1967 1247 2042 verbis
1273 1969 1528 2044 tractabimus.

319 2099 482 2174 Multum
520 2117 666 2197 tempus
702 2115 968 2200 consumptum
1003 2127 1095 2193 esse,
1136 2105 1351 2201 priusquam
1388 2127 1441 2191 ea,
1482 2128 1567 2200 quae
1603 2103 1734 2177 Loun-

244 2255 475 2308 rscrrnnsrzu
510 2248 548 2307 et
586 2233 762 2308 louuuns
787 2237 931 2309 Bonvnr
961 2237 1009 2309 de
1035 2237 1255 2332 geometriae
1281 2237 1472 2334 principiis
1498 2239 1731 2326 invenerant,

245 2395 266 2442 a
293 2369 565 2442 mathematicis
600 2369 950 2467 comprobarentur,
980 2382 1137 2443 constat.
1173 2367 1297 2462 Quam
1326 2369 1482 2443 obrem
1510 2373 1622 2444 etiam
1650 2371 1734 2470 plus

245 2504 427 2600 temporis
461 2503 727 2590 intercessisse,
755 2501 972 2600 priusquam
1007 2515 1214 2600 geometrae
1249 2505 1483 2592 varietatum,
1512 2529 1597 2601 quae
1633 2529 1734 2579 com·

245 2635 415 2734 pluribus
454 2635 749 2710 dimensionibus
788 2635 970 2724 fruuntur,
1010 2635 1268 2710 mechanicam
1311 2638 1494 2734 attingere
1537 2637 1732 2726 auderent,

247 2770 381 2842 mirum
408 2793 483 2841 non
512 2783 579 2841 est.
606 2765 751 2842 Tamen
778 2794 854 2842 non
881 2769 959 2842 sine
987 2793 1097 2842 causa
1124 2768 1340 2858 Lnscnnz,
1368 2772 1424 2844 vir
1453 2771 1733 2860 illustrissimus,

246 2903 339 2975 dixit
366 2901 496 2997 (1873),
517 2900 700 2976 eiusmodi
726 2901 1003 2998 disquisitiones
1028 2927 1159 2976 revera
1186 2905 1274 2976 satis
1293 2905 1463 3000 antiquas
1481 2929 1574 2992 esse,
1595 2907 1733 3002 quippe

246 3061 404 3133 quarum
431 3037 614 3134 principia
637 3034 923 3109 Mechanica
949 3035 1210 3132 analytica,
1230 3037 1334 3110 cuius
1354 3049 1485 3111 auctor
1507 3037 1733 3112 Lannnuon

246 3169 367 3262 (1788)
395 3172 451 3256 sit,
478 3173 551 3242 iam
588 3171 773 3242 contineri
806 3169 1016 3244 videantur.
1044 3169 1206 3243 Constat
1240 3170 1339 3244 enim
1375 3197 1510 3269 magna
1543 3197 1629 3270 pars
1656 3197 1733 3245 me·

246 3304 415 3378 chanicae
443 3305 651 3402 analyticae,
680 3329 797 3403 eaque
825 3330 909 3404 quae
936 3305 1129 3402 permagni
1153 3306 1335 3378 momenti
1355 3319 1422 3392 est,
1442 3307 1479 3378 in
1498 3308 1551 3378 eis
1569 3307 1734 3380 motibus

245 3439 522 3536 investigandis,
558 3440 595 3512 in
630 3440 764 3536 quibus
799 3441 936 3538 positio
971 3441 1182 3537 systematis
1218 3461 1420 3535 corporum
1455 3439 1645 3513 valoribus
1670 3464 1733 3512 va·

245 3571 432 3645 riabilium
472 3574 718 3670 quarumdam
757 3574 1093 3670 independentium
1134 3569 1319 3658 definitur,
1361 3597 1517 3669 quarum
1556 3597 1734 3646 numerus

244 3703 373 3780 finitus
399 3721 466 3780 est.
494 3705 552 3780 Ut
575 3707 759 3782 eiusmodi
777 3707 988 3804 systematis
1006 3719 1132 3779 motus
1152 3707 1198 3778 ad
1217 3707 1449 3801 aequationes
1467 3705 1734 3780 differentiales

244 3853 457 3926 revocetur,
484 3841 572 3913 viris
604 3843 701 3914 vivae
737 3853 774 3914 et
808 3839 946 3914 laboris
980 3840 1146 3914 virtualis
1182 3838 1440 3935 expressiones
1467 3839 1620 3912 formari
1647 3840 1734 3914 satis

246 3997 327 4046 esse
356 3971 582 4046 Lunnauou
601 3974 881 4048 demonstravit.
902 3972 979 4066 Qui
996 3973 1104 4046 labor
1129 3969 1295 4046 virtualis
1322 3983 1379 4046 est
1404 3972 1637 4045 variabilium
1655 3971 1734 4045 illa·

244 4132 328 4180 rum
355 4108 477 4180 forma
503 4105 758 4180 differentialis
785 4107 944 4195 lineariS,
973 4106 1077 4180 cuius
1112 4103 1367 4180 coefficientes
1403 4103 1611 4203 significant
1637 4105 1734 4178 vires

245 4239 527 4338 generalissimo
554 4263 663 4313 sensu
692 4254 886 4338 acceptas;
912 4238 976 4313 illa
1001 4241 1056 4313 vis
1083 4254 1140 4312 est
1166 4239 1286 4313 forma
1304 4237 1560 4312 differentialis
1578 4239 1734 4334 quadra·

244 4377 320 4448 tica
346 4374 530 4471 quadrato
555 4375 736 4470 temporis
763 4371 1018 4447 differentialis
1045 4372 1184 4470 duplici
1212 4373 1338 4446 divisa.
1358 4371 1456 4466 Quae
1482 4371 1604 4445 forma
1629 4371 1734 4445 diffe-

244 4506 412 4580 rentialis
447 4507 664 4608 quadratica
698 4531 784 4580 cum
820 4506 998 4580 elementi
1031 4505 1179 4579 linearis
1210 4507 1434 4602 quadratum
1460 4505 1591 4580 haberi
1617 4506 1735 4603 possit

244 4639 436 4712 varietatis
472 4640 664 4712 cuiusdam
700 4653 758 4712 tot
793 4640 1045 4714 dimensiones
1080 4638 1262 4724 habentis,
1291 4651 1383 4735 quot
1409 4637 1605 4712 variabiles
1636 4651 1733 4725 sunt,

1613 4827 1629 4874 9
