4386 5624
455 669 473 730 6
1061 685 1089 728 ι.
1111 681 1337 728 sonunsntosa

454 891 604 991 pliciter
630 914 881 964 connexarum
908 889 1191 988 superficierum
1219 892 1526 965 constitutionem
1544 889 1730 988 inspicere
1748 887 1946 986 possimus,

455 1028 647 1126 praecipue
674 1037 810 1113 autem,
839 1049 950 1122 quam
978 1026 1050 1097 sint
1076 1027 1301 1098 invariantes
1328 1027 1429 1098 etin
1455 1023 1730 1097 deformatione
1769 1024 1947 1096 continua

455 1171 494 1232 et
518 1161 556 1231 in
582 1159 917 1256 repraesentatione
945 1158 1130 1230 conformi
1155 1159 1417 1256 proprietates,
1444 1181 1674 1256 magnopere
1700 1167 1815 1255 patet.

529 1291 774 1390 Quantopere
792 1291 939 1364 valores
958 1316 1101 1379 omnes,
1117 1315 1211 1389 quos
1225 1291 1483 1390 independens
1496 1289 1699 1364 functionis
1713 1288 1946 1363 Fucusianae

454 1425 642 1500 variabilis
676 1439 848 1515 assumat,
879 1425 982 1525 plani
1008 1425 1213 1498 Bouvmani
1246 1426 1395 1524 punctis
1429 1425 1693 1523 repraesentari
1726 1425 1865 1496 reserat
1898 1423 1946 1496 ad

454 1559 638 1632 theoriam
665 1558 795 1631 harum
821 1557 1057 1632 functionum
1084 1559 1171 1631 inde
1199 1557 1449 1654 cognoscitur,
1469 1557 1571 1654 quod
1589 1581 1634 1630 ea
1655 1582 1695 1630 re
1721 1581 1796 1631 non
1824 1556 1945 1630 solum

455 1693 642 1790 analogias
666 1692 913 1783 functionum,
929 1717 1014 1791 quae
1041 1693 1079 1765 in
1101 1693 1203 1791 plani
1220 1690 1415 1766 Euenum
1434 1691 1738 1765 translationibus
1764 1715 1841 1764 non
1866 1715 1947 1762 mu·

454 1839 590 1916 tantur,
621 1829 797 1926 persequi
830 1851 1040 1926 possumus,
1072 1828 1139 1900 sed
1174 1829 1286 1900 etiam
1318 1851 1373 1900 eae
1400 1828 1574 1900 notiones
1599 1827 1703 1925 ipsae,
1730 1849 1815 1921 quae
1841 1825 1946 1898 func·

455 1961 620 2034 tionibus
638 1958 670 2032 F
671 1959 868 2034 ucrrsianis
887 1959 976 2034 solis
994 1963 1159 2060 propriae
1178 1974 1274 2050 sunt,
1294 1962 1565 2060 producuntur.
1592 1961 1735 2060 Aitque
1754 1959 1805 2034 ill.
1829 1960 1945 2034 Pom·

454 2096 591 2167 caud*
621 2093 753 2168 «Cette
779 2095 1044 2195 terminologie
1071 2095 1134 2190 (sc.
1153 2095 1177 2168 l.
1197 2095 1380 2169 absolutae
1402 2094 1634 2192 geometriae)
1653 2092 1726 2168 m'a
1751 2095 1871 2168 rendu
1899 2095 1946 2169 de

453 2228 590 2326 grands
616 2230 779 2302 services
805 2228 897 2302 dans
923 2254 1003 2303 mes
1029 2229 1290 2304 recherches».

527 2359 758 2436 Functiones
784 2359 1017 2436 Fucusianae
1046 2364 1257 2439 cuiusmodi
1291 2365 1364 2439 hoc
1398 2366 1486 2438 loco
1513 2378 1820 2438 commemoratae
1848 2377 1944 2452 sunt,

454 2495 512 2591 (ex
529 2496 625 2569 illius
652 2497 860 2570 Porucaad
887 2497 1164 2595 designatione:
1190 2501 1335 2598 primae,
1363 2500 1552 2589 secundae,
1576 2511 1692 2573 sextae
1718 2498 1881 2594 familiae)
1908 2499 1946 2570 in

454 2629 546 2702 duas
571 2643 696 2728 partes
722 2631 961 2730 generalisari
995 2644 1163 2730 possunt.
1200 2631 1328 2706 Primo
1355 2657 1398 2706 ea
1425 2634 1609 2723 condicio,
1637 2659 1710 2731 qua
1735 2633 1946 2706 functiones

454 2788 529 2836 non
568 2777 664 2854 sunt,
705 2763 775 2838 nisi
812 2765 1000 2840 variabilis
1040 2789 1106 2840 eos
1143 2767 1291 2840 valores
1330 2780 1503 2858 assumat,
1543 2769 1607 2865 qui
1645 2765 1807 2841 realibus
1845 2764 1946 2864 plani

453 2896 658 2972 Bormani
690 2901 840 2997 punctis
873 2911 1203 2999 repraesentantur,
1230 2899 1379 2998 negligi,
1406 2901 1543 2974 deinde
1570 2899 1845 2989 determinatio,
1872 2923 1945 2996 qua

454 3030 780 3106 substitutionibus
806 3033 1022 3131 proiectivis
1048 3033 1150 3131 plani
1174 3034 1378 3108 Bormam
1405 3033 1666 3108 translationes
1691 3033 1730 3106 in
1756 3059 1796 3107 se
1823 3035 1944 3134 ipsum

453 3177 783 3262 repraesententur,
811 3165 894 3239 tolli
920 3179 1056 3264 potest.

527 3297 651 3372 Etiam
687 3299 844 3374 theoriae
880 3325 1008 3374 earum
1044 3301 1291 3390 functionum,
1327 3327 1412 3400 quae
1452 3303 1764 3376 determinatione
1799 3301 1944 3377 sublata

454 3435 647 3522 exsistunt,
689 3457 855 3530 quasque
895 3433 946 3506 ill.
987 3435 1195 3507 Porucaad
1235 3433 1469 3509 Kunmianas
1509 3437 1727 3533 designavit,
1772 3437 1943 3511 absoluta

453 3569 661 3665 geometria
695 3566 795 3640 utilis
830 3565 911 3641 fieri
937 3581 1073 3668 potest,
1103 3573 1247 3642 cumi*
1272 3572 1490 3668 proiectivae
1518 3569 1704 3644 variabilis
1731 3569 1939 3668 complexae

454 3702 739 3776 substitutiones
766 3703 910 3799 quaevis
943 3703 1227 3776 translationum
1262 3705 1349 3778 loco
1385 3706 1493 3802 spatii
1526 3705 1742 3792 Bormani,
1771 3703 1832 3777 cui
1865 3716 1942 3776 tres

455 3833 709 3908 dimensiones
736 3847 833 3924 sunt,
861 3833 990 3909 haberi
1015 3839 1170 3935 possint.

529 3967 762 4042 Conabimur
778 3969 817 4041 in
835 3970 1078 4065 sequentibus
1093 3970 1276 4045 absolutae
1291 3973 1510 4070 geometriae
1527 3973 1574 4044 ad
1588 3971 1823 4044 functionum
1838 3971 1943 4045 theo-

454 4103 547 4174 riam
574 4102 856 4201 applicationes
885 4125 976 4198 quas
1002 4103 1074 4177 boc
1102 4104 1188 4177 loco
1215 4107 1342 4203 paucis
1369 4105 1625 4194 indicavimus,
1651 4105 1884 4192 adumbrare,
1904 4117 1946 4177 ut

455 4261 476 4309 a
501 4235 799 4334 problematibus
824 4237 1063 4334 geometricis
1089 4238 1250 4336 profecti
1277 4240 1392 4337 magis
1419 4238 1669 4333 syntheticam
1697 4243 1944 4316 constructio

528 4580 627 4628 *Acta
644 4578 842 4637 Mathematica,
859 4586 877 4630 t.
896 4581 916 4630 1.
934 4595 992 4646 pag.
1011 4583 1033 4630 8.

513 4669 543 4702 **
560 4666 659 4718 Confer
674 4682 696 4718 e.
713 4681 736 4731 g⁴
755 4668 904 4728 Porucamt,
921 4673 990 4722 Acta
1006 4672 1205 4730 Mathematica.
1223 4679 1240 4723 t.
1259 4673 1308 4724 111.
