4426 5620
802 1383 1225 1470 INTRODUCTIO.

348 1752 376 1802 1.
416 1730 513 1804 Cum
554 1729 591 1801 in
630 1726 827 1800 sollemnia
865 1725 1039 1799 natalicia
1074 1715 1268 1799 saecularia
1302 1725 1468 1800 Ioauurs
1503 1726 1657 1814 Bonxm,
1692 1725 1762 1798 viri

270 1994 385 2069 lutam
412 1997 658 2094 geometriam
690 2007 873 2091 spectant,
906 1992 1170 2082 describerem,
1204 2016 1289 2065 cum
1316 1993 1505 2066 indicandi
1531 2015 1662 2064 omnes
1688 2015 1759 2080 ree,

271 2151 366 2224 quae,
386 2127 476 2224 quid
503 2128 550 2200 de
577 2127 649 2201 boc
676 2139 900 2225 argumento
918 2127 1099 2222 scriptum
1118 2127 1175 2215 sit,
1196 2127 1400 2200 sciscitanti
1417 2125 1640 2200 necessariae
1663 2141 1759 2215 sunt,

271 2274 349 2333 tum
377 2262 550 2349 docendi,
579 2261 770 2358 quomodo
797 2259 949 2334 evoluta
975 2261 1021 2332 sit
1047 2261 1257 2355 geometria
1283 2258 1455 2332 absoluta
1480 2261 1620 2333 saeculo
1642 2259 1759 2332 unde·

271 2395 459 2481 vicesimo,
489 2395 686 2468 consilium
714 2409 866 2466 secutus
893 2418 987 2466 sum.

345 2525 535 2619 Quoniam
551 2541 676 2600 autem
691 2529 728 2600 in
743 2551 870 2625 opere,
889 2528 989 2624 quod
1003 2525 1220 2600 inscribitur
1237 2525 1424 2598 «Ueber
1451 2526 1527 2598 die
1549 2522 1759 2599 Theorie

272 2661 355 2732 der
381 2659 786 2736 Parallellinien»
810 2661 868 2758 (cf.
884 2659 959 2736 No.
979 2660 1056 2752 167,
1072 2663 1188 2758 partis
1207 2657 1359 2752 alterae),
1379 2659 1557 2755 quodque
1576 2657 1761 2730 S'rllcxnn

272 2808 309 2866 et
344 2793 493 2882 Eueuu,
530 2796 695 2868 virorum
732 2795 1034 2883 clarissimorum,
1067 2818 1156 2868 cura
1190 2794 1334 2868 editum
1361 2807 1428 2880 est,
1456 2792 1568 2864 index
1594 2791 1761 2864 omnium

270 2951 438 3026 operum,
467 2953 550 3026 quae
578 2930 626 3002 ad
652 2931 901 3026 geometriam
929 2928 1137 3001 absolutam
1165 2928 1358 3025 pertinent
1393 2950 1509 3022 usque
1544 2925 1590 2998 ad
1622 2948 1759 2997 annum

272 3059 651 3135 MDCCCXXXVII
688 3061 820 3159 plenus
857 3062 1009 3148 exsistit,
1047 3060 1093 3133 ab
1128 3059 1201 3132 hoc
1237 3073 1409 3158 tempore
1443 3059 1589 3131 initium
1625 3081 1760 3155 capere

270 3195 445 3268 idoneum
473 3194 564 3268 mibi
590 3196 748 3268 videtur.

341 3328 406 3400 Ab
433 3353 529 3401 anno
557 3327 938 3403 MDCCCXXXVII
958 3329 1006 3401 ad
1026 3351 1163 3402 annum
1191 3322 1529 3400 MDCCCLXVII
1548 3348 1624 3398 non
1643 3323 1760 3396 multa

270 3475 354 3534 sunt
380 3485 506 3559 opera,
534 3487 619 3558 quae
646 3462 684 3535 in
711 3462 848 3536 classes
876 3461 1099 3549 describam,
1129 3460 1231 3556 quod
1257 3483 1348 3531 vero
1374 3471 1506 3556 postea
1533 3459 1637 3531 annis
1664 3458 1760 3530 inse-

270 3595 469 3691 quentibus
488 3609 564 3668 tam
584 3595 759 3669 celeriter
776 3619 936 3668 numero
957 3606 1143 3682 crescunt,
1162 3592 1365 3682 Rruunuu,
1385 3590 1759 3680 Bunrnnu1,Hunu·

270 3749 406 3817 uourz,
441 3731 605 3802 virorum
632 3729 979 3817 illustrissimorum,
999 3728 1103 3800 libris
1130 3727 1291 3799 maxime
1318 3726 1490 3814 debetur,
1519 3725 1653 3822 quibus
1672 3747 1760 3822 geo-

269 3861 413 3934 metriae
442 3861 626 3936 absolutae
653 3863 817 3936 studium
846 3864 1049 3935 excitatum
1077 3875 1144 3935 est.
1166 3859 1221 3934 Ut
1240 3873 1365 3932 autem
1385 3857 1635 3931 differentiam
1662 3857 1760 3928 inter

270 4007 544 4092 tempestatem,
573 4021 658 4092 quae
686 4011 772 4069 ante
808 4009 846 4070 et
873 4011 959 4093 post
986 4019 1123 4068 annum
1160 3988 1519 4066 MDCCCLXVIII
1547 4005 1613 4080 est,
1642 3991 1758 4086 magis

269 4128 504 4225 perspicuam
523 4129 690 4218 reddam,
710 4131 748 4202 in
768 4130 1007 4228 explorandis
1026 4128 1132 4218 datis,
1152 4151 1236 4225 quae
1256 4127 1447 4224 pertinent
1471 4125 1518 4196 ad
1545 4123 1759 4196 describen-

270 4258 337 4334 dos
364 4261 480 4335 libros
499 4286 574 4352 eos,
595 4267 655 4361 qui
676 4278 764 4337 ante
783 4263 888 4336 illum
908 4287 1047 4336 annum
1066 4263 1195 4358 scripti
1222 4273 1317 4348 sunt,
1338 4281 1491 4354 magnas
1518 4255 1760 4332 difficultates

269 4418 329 4467 me
343 4393 517 4468 habuisse
533 4394 728 4484 confiteor,
747 4399 808 4484 ita,
829 4411 870 4469 ut
888 4394 948 4468 hic
968 4393 1116 4468 libellus
1135 4395 1298 4467 indicem
1318 4415 1476 4490 operum
1496 4391 1683 4464 editorum
1698 4415 1760 4486 ge-

269 4529 426 4600 neratim
442 4527 605 4619 efficere,
624 4534 827 4629 praecipue,
844 4544 1028 4628 quatenus
1046 4530 1094 4601 de
1115 4541 1288 4625 tempore
1308 4521 1758 4598 MDCCCXXXVIII—

271 4659 419 4734 LXVII
439 4663 569 4757 agitur,
591 4664 844 4760 supersedeat.
864 4663 985 4736 Simili
1003 4662 1119 4734 modo
1140 4685 1200 4733 res
1227 4685 1265 4733 se
1285 4659 1399 4732 habet
1417 4658 1464 4730 de
1485 4658 1589 4730 annis
1608 4654 1758 4742 MCMI,

1609 4831 1653 4879 11*
