4386 5624
457 701 497 763 40
1065 699 1093 745 r.
1115 699 1338 746 scmrsmoar

456 908 513 1005 (bl,
542 909 611 982 Nr.
639 909 709 982 Ill.
737 909 833 982 banc
860 909 1019 980 formam
1046 908 1197 981 induit*

817 1096 907 1204 aa.
920 1183 965 1216 .-.

826 1213 894 1285 dz²

456 1155 523 1252 (F)

454 1309 519 1385 uu

454 1589 521 1666 est,
549 1591 588 1651 et
612 1577 645 1665 λ,
665 1602 707 1673 a,
734 1588 960 1664 constantes,
988 1598 1074 1673 quae
1101 1575 1213 1647 etiam
1240 1574 1538 1647 determinandae
1557 1587 1653 1662 sunt,
1673 1575 1867 1648 denotant.
1891 1571 1948 1646 Ex

455 1710 691 1799 condicione,
729 1735 802 1808 qua
838 1710 1121 1784 substitutiones
1155 1706 1387 1806 proiectivae,
1415 1731 1507 1804 quas
1532 1709 1628 1780 ratio
1654 1705 1890 1803 integralium
1925 1733 1948 1802 η

456 1843 625 1916 variabili
658 1871 683 1917 z
718 1845 1037 1917 circumcurrente
1073 1842 1183 1932 subit,
1208 1839 1310 1938 plani
1336 1839 1530 1913 Eucnrnar
1564 1837 1826 1913 translationes
1862 1840 1946 1926 sint,

453 1977 694 2068 levanescit,
723 1991 898 2051 constans
925 1989 1051 2050 autem
1080 1975 1277 2071 complexa
1302 1999 1359 2069 a3‚
1388 1972 1532 2046 duabus
1554 1973 1717 2046 realibus
1745 1971 1946 2048 constanti-

455 2110 535 2201 bus,
555 2136 640 2208 quae
658 2109 890 2209 polygonum
921 2115 1000 2207 Φ,,ρ
1025 2105 1207 2180 definiunt
1234 2105 1472 2203 aequivalens,
1496 2107 1673 2180 uniformi
1691 2107 1806 2180 modo
1824 2107 1947 2179 deter-

455 2245 617 2317 minatur
643 2257 755 2340 atque
782 2245 843 2331 ita,
871 2255 922 2330 ut,
951 2266 1037 2314 curn

1212 2340 1264 2411 dz

1007 2354 1411 2556 ηΞΥΙῘῙῇΗΉ

457 2644 521 2717 ubi
538 2673 592 2740 71,
612 2673 652 2742 γ,
674 2655 889 2718 constantes
916 2655 1012 2732 sunt,
1041 2665 1123 2716 esse
1149 2641 1367 2738 reperiatur,
1395 2642 1433 2714 in
1460 2664 1605 2714 summa
1630 2663 1758 2715 rursus
1785 2640 1948 2738 elliptica

456 2777 601 2851 functio
628 2777 831 2852 modularis
858 2775 915 2850 sit.

531 2911 760 3006 Quomodo
788 2909 945 2999 casibus,
972 2909 1010 2979 in
1037 2906 1171 3004 quibus
1197 2927 1298 3005 ego
1324 2919 1381 2981 est
1406 2909 1580 3005 peractis,
1607 2908 1654 2982 ab
1681 2908 1787 2982 initio
1809 2932 1947 3006 suppo·

455 3069 546 3119 nere
581 3069 778 3143 possumus
804 3041 1037 3141 polygonum
1067 3039 1601 3140 d.‚,inplanoB0nm1ano
1635 3043 1746 3114 situm
1781 3063 1882 3134 esse;
1918 3043 1948 3114 si

455 3180 506 3254 ita
538 3193 605 3268 est,
633 3177 868 3252 discontinua
896 3175 1180 3248 translationum
1208 3175 1423 3248 coniunctio
1457 3173 1491 3247 G
1526 3173 1746 3247 Fuerasiana
1773 3198 1858 3272 quae
1884 3198 1946 3248 au·

456 3327 534 3386 tem
561 3309 821 3409 automorphae
847 3309 1060 3382 functiones
1086 3309 1166 3380 eius
1200 3321 1296 3396 sunt,
1324 3307 1537 3382 functiones
1560 3307 1592 3380 F
1594 3309 1793 3381 ucnsianae
1820 3305 1946 3405 appel·

455 3445 590 3534 lantur,
618 3468 709 3543 quas
735 3445 948 3518 functiones
980 3441 1157 3514 exsistere
1188 3440 1373 3539 probandi
1400 3454 1531 3539 patent
1558 3441 1645 3514 duae
1671 3441 1754 3530 viae,
1782 3441 1829 3514 ad
1856 3465 1947 3538 quas

456 3577 732 3675 investigandas
758 3575 820 3649 hic
846 3574 1174 3672 transgrediamur.

531 3710 674 3800 Altera,
702 3710 749 3784 ab
776 3708 852 3782 illo.
872 3707 1058 3781 Kinna*
1076 3719 1291 3797 monstrata,
1310 3707 1443 3781 iisdem
1470 3705 1671 3806 principiis,
1692 3731 1853 3803 quorum
1875 3731 1947 3804 ope

455 3845 626 3918 varietati
665 3844 823 3916 duarum
868 3841 1144 3916 dimensionum
1187 3841 1227 3914 in
1269 3865 1308 3914 se
1350 3843 1468 3940 ipsam
1511 3841 1685 3913 redeunti
1724 3837 1948 3939 (superficiei

456 3974 758 4071 anunuuianae)
798 3999 1051 4074 monogeneas
1088 3987 1129 4047 et
1166 3974 1371 4048 uniformes
1410 3973 1485 4048 loci
1518 3973 1732 4046 functiones
1771 3971 1948 4047 exsistere

456 4112 746 4197 demonstratur,
775 4111 1000 4198 continetur,
1023 4132 1148 4206 neque
1183 4108 1230 4180 ad
1265 4131 1348 4180 eam
1383 4131 1463 4180 rem
1499 4107 1617 4180 solam
1643 4107 1817 4204 pertinet,
1846 4108 1948 4204 quod

456 4241 688 4342 polygonum
726 4239 765 4315 in
804 4241 916 4339 plano
957 4241 1189 4315 Bonunrano
1232 4242 1342 4315 situm
1387 4253 1453 4329 est,
1489 4240 1646 4338 perinde
1690 4239 1948 4338 suppositione

529 4499 664 4556 *Funus
681 4498 864 4549 Nachricbten
881 4497 1025 4548 Societatis
1041 4495 1232 4562 Gottiugeneis,
1252 4457 1319 4554 rb81,
1336 4510 1395 4560 peg.
1412 4509 1467 4558 445.

513 4588 544 4622 **
561 4588 691 4638 Mathem.
708 4587 829 4636 Annalen
846 4593 862 4636 t.
882 4587 952 4642 xxt.
971 4599 1030 4649 pag.
1051 4584 1246 4648 141;R1rrar‹,
1265 4583 1372 4640 ibidem.
1391 4590 1455 4634 tom.
1476 4583 1547 4640 XLI,
1565 4597 1623 4648 pag.
1647 4598 1667 4642 1,
1686 4589 1749 4633 tom.
1770 4583 1869 4642 XLIV,
1889 4597 1947 4646 pag.

456 4690 516 4738 349:
534 4675 567 4726 ef.
585 4675 803 4732 Kurra-Furore,
821 4673 1006 4738 Automorphe
1023 4672 1198 4730 Functienen,
1212 4679 1274 4724 tom.
1294 4673 1329 4729 11.
1348 4670 1467 4735 (lipsiae,
1487 4672 1565 4734 roor).
