4386 5624
1066 662 1094 706 1..
1116 661 1340 709 mammosa

654 892 746 965 quas
764 867 1002 964 integralium
1019 871 1116 942 ratio
1142 897 1165 966 η
1192 870 1301 960 subit,
1321 870 1386 944 ubi
1403 885 1586 969 punctum
1606 869 1650 967 (a,
1670 869 1696 967 t)
1716 894 1850 946 omnes
1868 895 1949 946 cur·

653 1025 715 1074 sus
732 1002 770 1074 in
789 1025 829 1075 se
847 1003 948 1099 ipsos
964 1001 1169 1075 redeuntes
1182 1001 1220 1076 in
1239 1001 1437 1102 superficie
1455 1003 1734 1078 R1uuauniana
1752 1005 1948 1101 percurrit,

656 1133 908 1208 coniunctio*
925 1160 946 1208 e
961 1135 1073 1208 meris
1091 1135 1398 1211 translationibus
1411 1135 1512 1234 plani
1525 1137 1573 1226 P,
1589 1137 1692 1232 quod
1705 1136 1950 1236 problematis

654 1269 843 1365 signatura
871 1269 917 1341 ad
944 1292 1050 1343 suam
1076 1281 1248 1344 naturam
1275 1268 1472 1344 definitum
1498 1283 1566 1360 est,
1593 1272 1804 1368 composita
1826 1269 1897 1344 sit?

532 1400 656 1495 Quam
691 1425 771 1476 rem
806 1415 848 1476 ut
881 1403 920 1475 in
955 1402 1170 1477 universum
1203 1427 1436 1503 peragamus,
1466 1403 1724 1502 compluribus
1750 1401 1948 1490 methodis,

458 1560 550 1633 quas
575 1534 789 1633 singillatim
815 1509 945 1634 paucis
971 1536 1238 1626 describamus,
1266 1537 1320 1613 uti
1346 1562 1555 1636 possumus.

537 1691 566 1744 1.
593 1669 664 1744 De
692 1668 1045 1743 continuitatis
1072 1669 1364 1746 methodod‘*

531 1801 573 1877 Si
599 1805 843 1902 supponimus
870 1805 908 1877 in
933 1803 1094 1878 normali
1119 1805 1313 1903 polygono
1344 1806 1465 1880 solum
1493 1830 1537 1880 ea
1564 1805 1660 1894 data,
1688 1829 1774 1902 quae
1801 1804 1948 1904 proble-

459 1938 567 2010 matis
594 1939 820 2034 signaturam
843 1939 1108 2028 determinant,
1138 1941 1341 2014 constituta
1368 1963 1460 2028 esse,
1488 1940 1526 2012 id
1554 1951 1610 2012 est
1636 1939 1748 2037 igitur
1773 1961 1950 2012 numeros

453 2082 492 2170 p,
513 2097 544 2160 r,
559 2097 618 2168 g„
635 2128 643 2144 .
660 2126 668 2142 .
684 2125 709 2160 .,
724 2097 771 2168 g.
795 2095 918 2170 neque
948 2070 1188 2170 superficiem
1215 2072 1531 2176 anluauuianam
1559 2071 1634 2171 R„
1667 2075 1744 2146 sive
1771 2069 1950 2168 aequatio·

460 2229 546 2280 nem
574 2204 823 2302 algebraicam
845 2203 904 2302 (a),
923 2229 1047 2304 neque
1074 2219 1277 2280 trematum
1304 2208 1531 2305 positionem
1558 2203 1626 2302 (aa,
1647 2203 1707 2300 br),
1736 2203 1951 2280 cotfficiens

459 2337 542 2436 q(z,
562 2335 588 2436 t)
611 2341 723 2412 etiam
743 2339 789 2414 ab
808 2338 965 2413 realium
982 2351 1281 2438 parametrorum
1299 2363 1458 2414 numero
1486 2339 1539 2413 N
1555 2339 1720 2437 quodam
1748 2340 1949 2436 dependet.

459 2473 632 2568 Quorum
658 2486 957 2570 parametrorum
983 2473 1153 2547 valorum
1180 2485 1383 2571 systemate
1409 2476 1513 2547 omni
1542 2475 1734 2548 varietatis
1759 2456 1817 2546 ΙῙῘ
1834 2496 1949 2572 punc·

459 2619 538 2680 tum
565 2603 805 2705 significetur,
833 2608 886 2679 ita
920 2619 962 2681 ut
995 2609 1183 2704 signatura
1217 2607 1315 2696 data,
1343 2609 1465 2682 omnis
1495 2606 1750 2706 aequatiouum
1776 2605 1950 2680 differen-

460 2739 604 2814 tialium
639 2738 684 2838 (1)
720 2753 833 2838 typus
866 2739 975 2813 huius
1007 2739 1196 2814 varietatis
1231 2753 1373 2838 puncto
1409 2739 1715 2838 correspondeat.
1752 2739 1949 2833 Quacum

459 2873 641 2949 varietate
658 2859 719 2948 lt?
735 2898 817 2946 eam
844 2871 925 2962 M.,
953 2897 1038 2971 quae
1065 2874 1104 2947 in
1130 2873 1198 2948 Nr.
1219 2872 1288 2946 III.
1308 2899 1353 2947 ea
1374 2899 1414 2948 re
1434 2872 1588 2948 definita
1605 2885 1695 2961 erat,
1717 2872 1819 2970 quod
1837 2895 1949 2945 omne

459 3023 643 3107 punctum
685 3009 800 3106 ipsius
842 3006 909 3086 M.
950 3008 1143 3106 polygono
1185 3005 1345 3082 normali
1390 3013 1486 3105 Q,
1523 3008 1629 3082 cuius
1667 3005 1856 3104 signatura
1895 3017 1950 3078 est

460 3142 513 3241 (p,
533 3167 639 3238 r,g1,
656 3197 664 3216 .
681 3197 689 3214 .
705 3139 798 3238 .,g,)
836 3143 1120 3239 correspondet,
1149 3143 1179 3216 si
1214 3141 1452 3230 conferimus,
1480 3165 1525 3214 ex
1552 3141 1812 3215 antecedentis
1846 3162 1949 3237 para·

458 3273 590 3374 graphi
608 3273 677 3348 IV.
695 3273 879 3350 fructibus
907 3275 1011 3349 omni
1027 3289 1171 3373 puncto
1189 3275 1304 3373 ipsius
1322 3273 1389 3354 M,
1414 3287 1596 3372 punctum
1615 3274 1731 3373 ipsius
1757 3273 1809 3348 M
1831 3273 1949 3372 probe

459 3410 751 3483 determinatum
777 3409 1076 3506 correspondere
1103 3408 1177 3483 dici
1207 3433 1416 3508 possumus.

532 3542 631 3618 Cum
665 3553 791 3616 autem
829 3541 1111 3632 theoremata*
1144 3541 1242 3618 intra
1275 3545 1531 3639 aequationum
1566 3540 1870 3616 differentialium
1905 3538 1949 3636 (ι)

458 3691 592 3776 typum
619 3701 731 3751 unam
766 3675 1019 3774 aequationem
1055 3674 1215 3764 unicam,
1252 3677 1357 3750 cuius
1383 3677 1659 3750 monodromiae
1687 3676 1950 3748 coniunctioe

459 3810 572 3884 meris
597 3809 699 3908 plani
725 3807 770 3882 P
796 3807 1101 3883 translationibus
1128 3808 1339 3906 composita
1365 3821 1432 3898 est,
1460 3808 1640 3882 exsistere
1670 3831 1781 3907 posse
1815 3805 1948 3893 valeat,

460 3945 574 4042 ipsius
604 3927 665 4017 ΙῙῘ
679 3955 821 4040 puncto
857 3965 972 4016 unum
1006 3939 1121 4039 ipsius
1156 3941 1223 4021 Mv
1255 3955 1439 4039 punctum
1473 3943 1627 4015 unicum
1666 3939 1948 4037 correspondet.

460 4077 650 4172 Quoniam
675 4075 713 4148 in
741 4074 809 4149 Nr.
829 4072 899 4148 III.
926 4075 1146 4149 varietatem
1175 4073 1242 4154 Mv
1268 4073 1306 4146 in
1334 4098 1373 4148 se
1399 4073 1519 4173 ipsam
1545 4075 1770 4148 redeuntem
1789 4096 1870 4146 esse
1889 4095 1948 4147 co·

459 4211 666 4308 guovimus,
694 4208 872 4308 sequitur,
902 4221 943 4282 ut
973 4233 994 4282 e
1021 4208 1210 4282 contrario
1237 4211 1341 4283 omni
1365 4210 1555 4282 varietatis
1583 4191 1648 4280 M*
1658 4220 1803 4305 puncto
1837 4205 1950 4305 ipsius

531 4475 632 4540 *Quae
648 4473 747 4524 dieitur
763 4473 923 4539 aquationis
939 4471 1123 4523 differentialis
1140 4473 1173 4536 (r)
1195 4470 1444 4522 monodromiae
1467 4469 1685 4522 coniunctio.

515 4563 546 4600 ἢ
563 4561 704 4612 Porucaml
720 4561 736 4611 l.
754 4575 776 4612 c.
789 4575 848 4626 pag.
866 4575 912 4623 ²33
928 4575 1001 4626 squ:
1020 4561 1120 4618 Kirra.
1140 4559 1365 4611 Mathematische
1381 4559 1507 4617 amnon.
1526 4567 1590 4610 tom.
1608 4559 1675 4609 XX..

502 4651 550 4688 ***
566 4649 715 4709 Pomorum,
733 4649 749 4700 l.
767 4665 789 4700 c.
807 4663 867 4716 pag.
886 4663 939 4712 ²31·
