4386 5624
479 714 518 790 64
1128 733 1156 775 r.
1179 719 1325 775 srtcrrsn

477 960 613 1033 nempe
640 949 719 1009 tum
747 936 880 1009 saltem
908 961 928 1009 a
953 938 1151 1034 posteriori
1177 936 1366 1010 constabit
1393 961 1417 1009 u
1446 961 1467 1010 a
1491 951 1609 1027 recto,
1629 963 1698 1036 pro
1725 941 1838 1013 tantis
1857 937 1961 1013 lineis

478 1094 568 1167 quas
593 1070 703 1143 nobis
726 1083 872 1143 tentare
899 1069 998 1160 licet,
1018 1069 1117 1143 haud
1144 1070 1303 1142 multum
1331 1069 1492 1143 differre.
1520 1069 1597 1143 Sed
1625 1071 1715 1169 quid
1734 1073 1764 1144 si
1781 1066 1829 1147 ob
1848 1097 1962 1171 usque

479 1204 524 1275 ad
563 1201 702 1277 Sirium
740 1203 1042 1302 protenderetur,
1079 1216 1142 1276 aut
1176 1203 1355 1277 ulterius?
1390 1204 1598 1302 Utcunque
1634 1205 1691 1294 sit,
1732 1219 1881 1304 tempus
1920 1205 1964 1280 ab

479 1347 621 1409 aeterno
649 1350 810 1410 connata
836 1338 944 1435 spatii
970 1359 1085 1426 soror,
1114 1338 1148 1410 ei
1175 1335 1311 1410 auxilio
1337 1337 1452 1429 venit,
1472 1352 1511 1412 et
1538 1363 1653 1436 quum
1680 1351 1804 1412 motus
1832 1363 1965 1436 corpo·

477 1493 560 1542 rum
587 1468 798 1544 coelestium
826 1467 979 1542 calculis
1006 1467 1141 1540 u=R
1166 1471 1291 1568 posito
1324 1471 1457 1545 innixis
1493 1473 1730 1559 conveniant,
1759 1496 1828 1568 pro
1864 1473 1964 1546 omni

478 1603 798 1677 mensurationum
833 1617 1045 1676 nostrarum
1080 1601 1237 1701 sphaera,
1265 1605 1303 1678 in
1328 1606 1433 1702 praxi
1459 1605 1582 1678 eidem
1609 1602 1858 1702 suppositioni
1885 1617 1964 1677 tuto

480 1738 749 1835 conquiescere
776 1749 938 1810 monet.-

551 1867 596 1942 In
622 1893 748 1966 opere,
776 1870 879 1967 quod
904 1869 1120 1943 inscribitur
1146 1869 1370 1944 Scientia
1404 1871 1553 1970 spatii
1589 1869 1818 1943 absolute
1854 1892 1966 1942 vera

478 2000 608 2100 (1832),
644 2001 821 2076 IoAmsss
863 2001 1263 2102 BourA1,Wolfgangi
1299 2002 1408 2092 filius,
1445 2005 1491 2078 ad
1527 2005 1632 2078 cuius
1667 2001 1768 2076 diem
1805 2002 1964 2074 natalem

479 2136 736 2209 centenarium
764 2135 1033 2210 celebrandum
1059 2135 1120 2208 hic
1146 2135 1294 2210 libellus
1321 2137 1481 2234 scriptus
1512 2149 1579 2224 est,
1608 2160 1692 2209 earn
1719 2137 1965 2233 quaestionem

477 2268 654 2366 neglexit.
682 2267 790 2343 Idem
816 2270 854 2342 in
881 2269 1199 2343 commentatione
1218 2265 1445 2341 Germanice
1471 2268 1619 2366 scripta,
1650 2277 1761 2365 quam
1792 2269 1881 2362 1835
1911 2291 1968 2341 or·

478 2413 556 2474 tam
583 2425 663 2475 esse
690 2415 865 2499 putamus
892 2425 1053 2499 quaeque
1088 2401 1233 2474 recenti
1267 2413 1438 2498 tempore
1465 2399 1563 2474 inter
1595 2402 1744 2500 scripta,
1773 2427 1858 2500 quae
1885 2401 1967 2476 reli-

479 2535 568 2634 quit,
596 2535 749 2610 inventa
779 2549 845 2625 est,
873 2536 1081 2634 geometria
1116 2533 1287 2608 absoluta
1321 2532 1487 2606 adhibita
1521 2534 1780 2609 mechanicam
1815 2559 1965 2634 quoque

480 2667 656 2743 constitui
682 2693 792 2766 posse
820 2667 959 2742 docuit.
989 2667 1114 2761 Quam
1148 2691 1229 2740 rem
1263 2665 1421 2766 amplius
1456 2667 1641 2755 tractavit,
1671 2667 1735 2740 ubi
1771 2668 1818 2740 de
1855 2693 1966 2766 opere

480 2799 1328 2907 GeometrischeUntersuchungen
1354 2825 1435 2874 zur
1455 2797 1671 2874 Theorie
1699 2801 1783 2872 der
1810 2799 1966 2872 Paral-

478 2935 720 3024 lellinien,
749 2935 852 3033 quod
877 2933 1223 3008 Loanrscusrsuu
1254 2935 1346 3026 1840
1372 2934 1498 3022 edidit,
1518 2933 1701 3006 iudicium
1723 2933 1807 3022 fert,
1828 2932 1966 3029 dequo

479 3070 617 3144 iudicio
644 3067 758 3168 paulo
786 3083 871 3142 ante
900 3067 1139 3158 KttnscuAK,
1163 3065 1220 3140 vir
1244 3068 1479 3154 clarissimus,
1500 3079 1538 3140 et
1563 3067 1643 3164 ipse
1670 3089 1821 3164 quoque
1849 3079 1962 3140 rettu-

478 3203 600 3277 limus.
628 3204 726 3278 Cum
752 3205 935 3276 mensuris
961 3201 1212 3290 terrestribus,
1240 3214 1282 3274 ut
1308 3202 1359 3273 ait
1385 3200 1539 3290 Bouuu,
1567 3198 1650 3272 fieri
1676 3223 1753 3272 non
1780 3201 1909 3297 possit,
1928 3213 1967 3273 ut

479 3337 578 3411 inter
611 3337 858 3433 geometriam
893 3334 1134 3408 Eucnrnuam
1171 3349 1209 3408 et
1244 3333 1453 3408 absolutam
1494 3331 1731 3421 diiudicetur,
1760 3331 1968 3406 differentia

481 3471 664 3544 utendum
700 3478 791 3558 esse,
820 3469 969 3566 quaein
997 3466 1148 3542 calculis
1176 3469 1327 3556 oriatur,
1355 3468 1385 3540 si
1415 3464 1651 3565 planetarum
1678 3465 1753 3539 loci
1778 3465 1902 3562 primo
1928 3489 1970 3539 ea

483 3604 699 3678 conditione
728 3603 774 3675 ad
802 3601 967 3676 calculos
992 3615 1188 3690 vocentur,
1212 3615 1253 3674 ut
1278 3598 1452 3698 trianguli
1471 3599 1694 3696 angulorum
1713 3623 1859 3672 summa
1877 3600 1968 3673 duos

480 3749 604 3812 rectos
632 3734 770 3810 efficiat
796 3748 834 3808 et
860 3735 1021 3809 duorum
1058 3757 1257 3832 corporum
1285 3734 1339 3806 vis
1365 3729 1564 3805 attractiva
1589 3733 1787 3830 reciproca
1812 3757 1969 3830 propor-

478 3872 582 3945 tione
609 3895 690 3944 esse
716 3882 879 3967 ponatur
906 3865 1118 3967 superficiei
1144 3865 1350 3964 sphaericae,
1372 3868 1476 3939 cuius
1493 3866 1619 3938 radius
1646 3865 1808 3938 duorum
1835 3889 1967 3963 corpo·

480 4029 563 4078 rum
591 4005 803 4078 coelestium
821 4003 1008 4076 distantiae
1037 3999 1190 4100 aequalis
1218 4001 1275 4090 sit,
1294 4023 1409 4097 porro
1438 4001 1468 4072 si
1494 3999 1631 4072 deinde
1659 3996 1794 4072 calculi
1819 3999 1968 4098 angulo-

480 4163 566 4212 rum
592 4161 738 4210 summa
764 4138 882 4232 magis
906 4137 1098 4232 magisque
1126 4159 1147 4206 a
1173 4133 1321 4206 duobus
1348 4130 1462 4206 rectis
1489 4133 1709 4206 discedente
1740 4145 1967 4231 repetantur.

480 4271 627 4365 Quodsi
653 4271 691 4343 in
718 4269 929 4343 differentia
956 4268 1117 4366 quadam
1143 4267 1379 4364 planetarum
1407 4278 1533 4339 motus
1560 4289 1646 4337 curn
1678 4278 1783 4338 motu
1819 4263 1967 4340 calculis

481 4406 618 4480 effecto
644 4407 846 4480 convenire
874 4402 1031 4488 desinat,
1059 4411 1254 4472 crescente
1283 4412 1408 4472 autem
1428 4397 1639 4472 differentia
1665 4397 1867 4472 abhorrere
1895 4421 1967 4472 non

483 4539 639 4626 desinat,
666 4539 746 4612 iure
777 4562 819 4610 ac
855 4533 990 4609 merito
1019 4533 1240 4631 angulorum
1267 4557 1450 4606 summam
1479 4531 1600 4606 minus
1628 4556 1739 4628 quam
1764 4545 1967 4629 poneretur

483 4696 504 4744 a
532 4671 680 4744 duobus
705 4671 816 4742 rectis
844 4666 993 4741 differre
1022 4666 1196 4741 concludi
1222 4690 1345 4765 posse.
1776 4675 1778 4682 “
