4426 5620
523 701 567 752 DE
589 701 783 752 MECHANICA
799 701 1000 752 vanmrnruu
1021 701 1240 752 COMPLURIUM
1262 701 1506 752 DIMENSIONUM.
1729 701 1767 770 79

275 911 441 986 Primum
470 910 570 986 enim
597 913 663 986 has
689 911 968 1010 disquisitiones
994 911 1107 985 bonae
1133 912 1250 1010 frugis
1276 909 1478 1010 plurimum
1506 916 1553 988 ad
1574 912 1669 989 fines
1688 940 1766 989 rne-

274 1044 442 1120 chanicae
477 1046 741 1144 propagandos
774 1045 906 1119 afferre
936 1057 1052 1143 patet.
1088 1042 1239 1120 Deinde
1271 1069 1358 1119 cum
1385 1047 1521 1121 ceteris
1549 1062 1587 1120 et
1612 1073 1765 1147 geome-

274 1180 356 1251 triae
384 1191 423 1252 et
449 1179 644 1278 analyseos
670 1178 839 1278 partibus
861 1180 975 1254 artius
998 1203 1110 1278 quam
1138 1180 1414 1278 exspectaveris
1433 1181 1647 1255 coniunctae
1667 1193 1765 1269 sunt,

272 1311 389 1384 veluti
415 1335 501 1386 cum
527 1337 771 1387 numerorum
798 1313 1083 1412 complexorum
1105 1313 1251 1386 theoria
1281 1312 1510 1402 sublimiore,
1531 1337 1616 1388 cum
1634 1313 1765 1386 formis

273 1444 499 1542 quadraticis
525 1446 844 1537 differentialibus,
866 1471 950 1520 cum
969 1446 1115 1520 theoria
1136 1471 1366 1544 grupparum
1393 1446 1764 1521 transformationum

273 1577 547 1671 continuarum,
568 1605 654 1654 cum
672 1583 880 1679 geometria
896 1579 1116 1680 proiectiva,
1137 1603 1223 1654 cum
1247 1580 1417 1653 doctrina
1444 1578 1658 1677 figurarum,
1679 1603 1764 1678 quae

272 1710 380 1786 lineis
405 1713 519 1788 rectis
545 1711 779 1808 efficiuntur;
815 1739 906 1813 quas
932 1715 1096 1788 theorias
1122 1712 1192 1786 hac
1220 1713 1402 1787 societate
1428 1713 1520 1786 inita
1540 1713 1651 1788 valde
1677 1737 1764 1812 pro-

272 1860 393 1921 motas
428 1871 508 1922 esse
542 1871 656 1921 nemo
690 1873 766 1922 non
801 1847 915 1923 videt.
950 1847 1139 1945 Denique,
1175 1846 1279 1944 quod
1308 1847 1458 1918 maximi
1484 1849 1668 1921 momenti
1694 1861 1762 1936 est,

273 2004 374 2079 saepe
408 1981 652 2070 theoremata,
685 2005 770 2080 quae
805 1981 923 2056 solam
958 1980 1215 2054 mechanicam
1242 1978 1483 2053 Eucurusam
1511 1979 1763 2052 consideranti

272 2137 424 2212 prorsus
451 2115 664 2213 discrepare
690 2117 877 2203 videntur,
897 2113 1156 2188 mechanicam
1182 2112 1457 2212 generaliorem
1475 2113 1690 2211 respicienti
1715 2112 1763 2186 ab

272 2249 404 2321 eadem
444 2249 559 2346 stirpe
598 2250 685 2322 duci
724 2260 889 2347 apparet.
923 2247 1011 2342 Quo
1037 2245 1090 2337 fit,
1118 2259 1160 2321 ut
1186 2248 1250 2345 qui
1275 2245 1370 2321 hanc
1398 2245 1619 2345 ampliorem
1650 2257 1762 2342 atque

272 2380 531 2455 sublimiorem
558 2383 807 2479 investigandi
832 2384 1016 2456 rationem
1044 2394 1232 2478 sequatur,
1251 2379 1415 2479 logicum
1442 2405 1628 2454 conexum
1646 2377 1763 2469 illum,

271 2538 346 2610 quo
375 2515 606 2590 mechanicae
637 2515 740 2613 leges
765 2517 864 2590 inter
890 2541 929 2590 se
957 2515 1161 2606 cohaerent,
1187 2514 1338 2614 penitus
1364 2515 1577 2613 perspiciat.

344 2646 488 2747 Scripsi
514 2661 649 2722 aestate
675 2651 762 2723 anni
789 2648 1062 2726 MDCCCCII.
