4386 5624
806 705 964 750 EPISTOLA
982 708 1027 750 An
1049 707 1174 751 PATREM
1197 707 1285 752 DATA.
1744 710 1792 754 XV

301 909 422 982 adhuc
457 909 643 999 miseram,
680 935 804 985 casam
839 935 920 984 esse
954 935 1025 1010 pro
1060 913 1164 984 turri.
1201 911 1426 986 Persuasum
1454 913 1544 986 mihi
1570 913 1692 989 habeo
1719 913 1791 988 hoc

301 1067 375 1115 non
411 1043 546 1115 minori
580 1043 682 1117 laudi
716 1043 806 1118 mihi
840 1043 932 1134 fore,
969 1070 1081 1142 quarn
1116 1048 1147 1119 si
1180 1047 1253 1120 iam
1288 1046 1523 1145 perfecerim.
1551 1047 1791 1146 Responsum

306 1189 413 1252 tuum
441 1191 584 1252 aeterna
610 1201 698 1276 erga
724 1191 761 1252 te
787 1177 935 1277 pietatis
961 1177 1076 1278 pleno
1104 1180 1227 1254 animo
1254 1179 1486 1279 exspectabit
1511 1178 1608 1254 filius
1634 1192 1720 1255 tuus

1509 1313 1653 1388 Bonrar
1679 1340 1728 1387 m.
1755 1341 1790 1413 p.

374 1715 415 1788 Ρ.
443 1715 481 1789 S.
509 1715 748 1790 Ponderosas
782 1715 927 1789 litteras
961 1714 1185 1803 scribebam,
1213 1715 1280 1788 sed
1306 1715 1405 1789 haud
1439 1716 1571 1815 procul
1603 1716 1790 1804 absumus,

300 1853 352 1924 ita
376 1862 461 1923 taxa
486 1852 595 1923 nimis
622 1875 859 1948 magnanon
886 1863 953 1924 est.
981 1847 1058 1922 Fac
1086 1862 1127 1922 ut
1154 1847 1374 1922 solvendum
1412 1849 1502 1923 mihi
1528 1852 1575 1923 sit
1600 1873 1791 1948 semper

300 2009 386 2083 pro
411 1983 855 2081 ponderosissimis
880 1985 954 2057 tuis
980 1983 1123 2073 litteris,
1152 2008 1237 2081 quae
1265 1984 1338 2056 sint
1363 1983 1424 2058 vel
1450 1982 1789 2082 ponderosissimae,

300 2119 461 2190 maximo
488 2117 625 2216 gaudio
651 2117 793 2191 solvam
821 2142 892 2190 eas.
1693 2213 1697 2223 .

374 2251 416 2325 P.
444 2249 482 2324 S.
511 2249 656 2347 Ingenii
683 2251 758 2324 mei
783 2264 881 2340 nata,
914 2250 1114 2325 Carissime
1146 2250 1269 2339 Pater,
1300 2275 1427 2324 coram
1446 2263 1484 2324 te
1502 2252 1554 2324 ita
1572 2275 1654 2324 sum
1680 2274 1790 2324 ausus

300 2384 514 2474 diiudicare,
551 2385 606 2456 uti
640 2383 731 2457 mihi
765 2385 812 2458 de
840 2385 882 2458 iis
907 2408 1127 2482 persuasum
1159 2383 1338 2476 habeam;
1374 2383 1513 2457 nullam
1550 2384 1649 2457 enim
1675 2387 1789 2457 inter-

299 2519 550 2616 pretationem
588 2541 788 2617 perperam
826 2517 963 2592 factam
998 2519 1127 2607 timec,
1163 2519 1218 2592 uti
1252 2519 1498 2608 immeritam3
1534 2516 1671 2591 fiducia
1706 2517 1789 2591 haec

301 2651 391 2725 nihil
425 2652 526 2725 aliud
562 2663 628 2739 est,
659 2653 730 2724 nisi
758 2665 800 2724 ut
827 2665 972 2749 patrem
1008 2677 1133 2726 meum
1166 2651 1279 2726 certis
1306 2653 1343 2724 in
1369 2651 1482 2724 rebus
1508 2664 1698 2748 tamquam
1726 2651 1789 2726 ali-

302 2787 404 2882 quod
430 2784 621 2884 exemplar
647 2785 720 2858 mei
746 2785 902 2859 intuear.
