4426 5620
866 709 966 754 ruuxx
989 709 1134 752 oeuuuu.
1712 694 1747 766 87

259 919 349 992 tium
377 918 616 1016 expressione
644 940 664 989 e
693 916 854 989 duorum
883 927 1121 1012 punctorum,
1150 937 1234 1011 quae
1253 937 1330 986 non
1349 911 1493 986 infinite
1513 911 1634 986 vicina
1652 928 1748 1004 sunt,

261 1051 491 1126 coordinatis
518 1051 756 1148 compositae,
784 1045 942 1121 definire
970 1072 1012 1121 ac
1040 1047 1254 1120 describere
1281 1048 1418 1120 studet.

331 1206 364 1278 9.
400 1181 518 1256 Pars
553 1181 839 1256 vectorialis
868 1180 948 1272 [Vt
985 1179 1051 1270 Ea,
1084 1206 1195 1278 quam
1227 1181 1316 1254 clar.
1347 1178 1594 1254 Gxxssnxuu
1630 1179 1750 1277 (1841)

258 1317 462 1390 introduxit
489 1329 527 1388 et
552 1328 684 1414 postea
712 1313 799 1388 clar.
828 1313 1033 1387 enmono
1060 1312 1180 1408 (1864)
1202 1328 1424 1410 persecutus
1442 1327 1509 1400 est,
1529 1313 1748 1410 geometriae

259 1450 460 1524 relationes
494 1447 795 1523 fundamentales
833 1473 902 1548 pro
937 1446 1120 1522 methodo
1156 1459 1194 1520 et
1231 1445 1487 1543 symbolism0,
1524 1446 1587 1544 qui
1614 1445 1749 1520 calculi

259 1585 471 1660 vectorialis
497 1586 671 1682 proprius
698 1595 765 1672 est,
793 1583 1026 1680 exprimendi
1055 1581 1250 1655 consilium
1278 1581 1455 1676 sequitur.

605 1936 655 1986 DE
683 1935 844 1988 OPERUM
873 1934 1015 1985 INDICIS
1042 1931 1187 1984 UTENDI
1215 1929 1402 1982 RATIONE.

332 2119 467 2217 Operis
494 2119 624 2191 titulus
650 2117 781 2215 incipit
800 2119 964 2190 auctoris
991 2119 1154 2205 nomine,
1175 2117 1236 2189 cui
1253 2117 1478 2214 praepositus
1498 2129 1554 2188 est
1573 2139 1748 2188 numerus

260 2253 410 2341 ordinis,
455 2253 518 2351 qui
545 2253 591 2325 ad
619 2251 810 2326 citandum
838 2253 1023 2349 pertinet;
1059 2274 1172 2348 quam
1208 2251 1375 2346 sequitur
1409 2251 1446 2321 in
1482 2249 1606 2346 priore
1642 2261 1748 2346 parte

260 2388 415 2485 signum,
444 2389 546 2485 quod
574 2388 741 2474 classem,
763 2387 807 2457 ad
827 2409 938 2482 quam
958 2387 1132 2482 pertinet,
1154 2385 1321 2456 denotat.
1349 2381 1459 2470 Infra,
1480 2381 1544 2453 ubi
1563 2382 1609 2454 de
1627 2381 1748 2478 publi-

259 2522 467 2596 cationibus
494 2524 531 2594 in
562 2520 879 2616 Ephemeridibus
915 2520 991 2590 sive
1027 2517 1135 2590 Actis
1170 2516 1357 2589 litterariis
1394 2517 1522 2612 agitur,
1559 2513 1745 2588 Actorum

261 2657 387 2729 titulus
413 2657 451 2728 in
470 2654 763 2740 abbreviatione,
785 2665 825 2725 ut
852 2677 938 2726 usus
966 2665 1033 2738 est,
1053 2663 1116 2722 aut
1142 2651 1220 2722 fere
1247 2650 1433 2746 integrum
1462 2649 1608 2736 citatur,
1636 2662 1748 2744 prout

259 2789 359 2862 Acta
393 2787 666 2862 mathematicis
701 2787 818 2884 magis
853 2785 912 2858 vel
948 2787 1069 2857 minus
1105 2784 1265 2880 cognita.
1300 2778 1412 2856 Tomi
1448 2805 1623 2854 numerus
1658 2782 1749 2854 cifra

260 2921 431 2996 Romana
457 2919 688 3019 exprimitur,
716 2921 826 2992 seriei
852 2933 978 2992 autem
1006 2942 1194 3006 numerus,
1223 2915 1286 3014 qui
1313 2915 1503 2988 antecedit
1529 2929 1586 2988 est
1612 2915 1747 2988 Arabi-

260 3081 325 3130 cus
352 3058 453 3129 etin
479 3053 694 3153 parenthesi
722 3055 932 3151 apponitur.
961 3051 1005 3124 ln
1032 3051 1185 3126 citando
1204 3051 1349 3124 numeri
1372 3050 1529 3122 extremi
1549 3049 1746 3136 Actorum,

261 3192 298 3265 in
324 3190 459 3288 quibus
485 3189 635 3264 libellus
661 3189 864 3285 impressus
891 3199 957 3273 est,
985 3185 1138 3284 paginas
1165 3185 1360 3257 denotant.

332 3323 428 3397 Cum
465 3324 511 3395 de
546 3323 643 3395 libro
679 3321 880 3420 separatim
916 3320 1028 3406 edito,
1065 3319 1128 3417 qui
1156 3330 1377 3415 argumento
1412 3317 1480 3390 soli
1516 3317 1665 3389 deditus
1693 3332 1749 3388 est

260 3471 322 3529 aut
348 3457 527 3544 continet,
556 3455 658 3553 quod
685 3456 732 3528 ad
767 3456 805 3527 id
832 3456 1005 3552 pertinet,
1043 3454 1173 3550 agitur,
1210 3450 1350 3549 oppidi,
1387 3453 1527 3548 inquo
1562 3447 1657 3523 liber
1682 3451 1749 3522 im-

259 3613 408 3687 pressus
448 3602 513 3676 est,
556 3612 696 3661 nomeu
731 3589 870 3684 excipit
904 3611 1044 3660 nomen
1079 3587 1214 3659 librum
1254 3609 1321 3658 suo
1360 3597 1512 3680 sumpto
1552 3582 1747 3680 vulgantis,

260 3723 395 3796 deinde
422 3725 640 3820 paginarum
676 3735 768 3818 quot
798 3721 895 3795 libro
923 3735 1008 3794 sunt
1035 3733 1099 3794 aut
1126 3721 1355 3818 paginarum,
1384 3742 1470 3816 quae
1497 3719 1666 3791 intorno
1693 3742 1749 3790 ar-

260 3869 441 3954 gumento
468 3856 608 3929 deditae
635 3869 732 3944 sunt,
760 3878 948 3928 numerus.

333 3988 504 4088 Operum
524 3987 858 4062 celeberrimorum
877 3987 1134 4061 traductiones
1152 3989 1203 4060 ita
1223 3989 1394 4074 citantur,
1415 3999 1456 4059 ut
1475 3985 1626 4083 quando
1645 3983 1746 4056 edita

261 4125 342 4212 sint,
363 4123 527 4220 quidque
556 4123 603 4195 ad
629 4147 734 4219 opuS,
756 4146 800 4194 ex
827 4145 903 4218 quo
930 4145 1080 4194 versum
1107 4131 1173 4208 est,
1199 4121 1396 4216 pertineat,
1416 4119 1613 4192 indicetur.
1634 4115 1749 4210 Quod

262 4271 386 4330 autem
413 4258 470 4331 bis
504 4256 726 4353 impressum
754 4267 821 4342 est,
850 4255 888 4326 id
915 4277 1001 4327 cum
1028 4255 1153 4350 priore
1182 4251 1347 4325 editione
1372 4253 1516 4338 citatur,
1545 4273 1619 4346 qua
1644 4249 1682 4320 in
1708 4271 1748 4319 re

260 4389 415 4478 dicetur,
445 4415 518 4488 quo
546 4403 718 4488 tempore
745 4389 882 4461 iterum
909 4389 1133 4484 impressum
1160 4388 1217 4458 sit.

336 4523 527 4620 Scriptum
555 4546 652 4595 anno
680 4521 851 4611 MCMII,
880 4521 1064 4595 Kalendis
1091 4517 1383 4593 Novembribus.
