4386 5624
440 684 475 746 1⁶
1044 699 1073 744 n.
1094 697 1319 746 somssmoun

437 908 544 982 lineis
570 909 608 980 in
634 903 832 1004 superficie
857 905 941 1004 F„
965 905 1259 1002 congruentibus
1288 947 1331 956 -
1358 928 1495 1002 nempe
1514 902 1623 976 unius
1641 901 1818 978 sectionis
1836 900 1929 1000 n'pae

436 1043 586 1137 utrique
605 1040 910 1138 -respondent,
929 1037 1037 1112 facile
1060 1038 1296 1138 perspicitur,
1323 1037 1555 1138 polygonum
1582 1039 1631 1112 ab
1656 1039 1764 1112 initio
1788 1037 1839 1110 ita
1865 1037 1930 1110 de-

436 1174 628 1272 ligendum
655 1195 748 1261 esse,
775 1185 817 1245 ut
842 1170 930 1245 bina
956 1170 1153 1269 coniugata
1179 1172 1297 1246 latera
1314 1173 1388 1245 sint
1405 1170 1515 1245 lineae
1534 1183 1796 1270 congruentes.
1815 1169 1930 1265 Quod

437 1322 479 1382 ut
505 1307 699 1396 efficiatur,
720 1331 805 1381 cum
830 1305 952 1379 forma
970 1318 1008 1379 et
1025 1307 1163 1405 positio
1181 1329 1257 1378 non
1284 1304 1501 1394 limitentur,
1529 1303 1763 1404 polygonum
1794 1309 1875 1402 Q,
1891 1304 1930 1375 in

439 1441 647 1516 Eucunuo
680 1441 758 1515 sive
793 1439 1045 1514 antieuclideo
1079 1438 1192 1538 plano
1227 1437 1456 1513 delineatum
1492 1462 1574 1512 esse
1609 1440 1783 1537 ponimus
1818 1449 1930 1534 atque

438 1579 499 1666 ita,
526 1587 568 1648 ut
594 1575 711 1648 latera
729 1573 928 1671 coniugata
944 1572 1053 1647 huius
1070 1573 1172 1671 plani
1189 1571 1496 1648 translationibus
1513 1573 1550 1644 in
1568 1595 1609 1644 se
1626 1572 1749 1670 ipsum
1767 1571 1867 1646 aliud
1886 1594 1931 1643 ex

439 1711 513 1784 alio
539 1711 772 1810 proveniant.
800 1705 1057 1782 Generalitate
1086 1731 1163 1780 non
1194 1706 1351 1780 limitata
1375 1706 1491 1804 ipsius
1521 1711 1602 1805 Q
1626 1705 1743 1779 latera
1769 1717 1932 1780 rectas

440 1845 597 1917 lineas
615 1866 696 1916 esse
712 1841 758 1916 ab
768 1841 875 1916 initio
885 1863 1099 1939 supponere
1108 1863 1319 1939 possumus.
1333 1836 1427 1912 Tale
1436 1837 1669 1937 polygonum
1681 1843 1763 1938 ui„
1778 1837 1931 1936 planum

441 1989 479 2050 et
504 1978 617 2050 rectis
643 1975 751 2048 lineis
776 1974 961 2048 inclusum
987 1973 1100 2048 velim
1128 1975 1343 2047 nominetur
1369 1973 1667 2072 polygonum
1703 1971 1930 2046 normale.

513 2109 601 2204 Quo
627 2108 728 2182 facto
754 2109 785 2182 si
810 2109 1081 2199 translationes,
1109 2105 1246 2206 quibus
1272 2107 1359 2181 bina
1386 2107 1584 2204 coniugata
1609 2107 1719 2181 buius
1751 2105 1933 2205 polygoni

440 2241 618 2316 normalis
643 2240 760 2315 latera
785 2242 832 2315 ad
859 2265 899 2315 se
925 2240 1209 2330 transferuntur,
1237 2264 1306 2340 pro
1342 2240 1617 2316 coniunctionis
1651 2238 1932 2338 operationibus

440 2373 781 2448 fundamentalibus
809 2374 1000 2463 habemus,
1023 2375 1094 2448 ista
1121 2372 1336 2450 coniunctio
1363 2400 1384 2449 e
1410 2371 1511 2474 plani
1536 2371 1575 2445 in
1601 2397 1641 2446 se
1667 2373 1789 2470 ipsum
1815 2383 1933 2444 trans·

442 2508 644 2583 lationibus
670 2508 889 2606 composita,
918 2509 1175 2582 coniunctioni
1201 2509 1236 2582 G
1260 2507 1371 2608 plane
1398 2506 1628 2606 aequivalens
1654 2517 1722 2580 est.

514 2640 742 2715 Coniunctio
768 2641 813 2730 G,
841 2665 952 2738 quam
988 2644 1034 2715 ad
1070 2639 1308 2740 superficiem
1334 2641 1419 2741 F„
1444 2667 1464 2714 e
1491 2641 1582 2715 situs
1617 2638 1758 2737 analysi
1793 2639 1931 2712 descri-

440 2775 604 2849 bendam
630 2773 802 2848 sufficere
829 2773 940 2872 plane
966 2775 1202 2848 manifestum
1230 2787 1297 2864 est,
1324 2774 1395 2848 nisi
1420 2774 1522 2873 plani
1539 2773 1824 2848 translationum
1845 2795 1932 2846 con·

440 2908 583 2983 iunctio
622 2911 842 3007 concipitur,
869 2909 1114 2983 formularum
1153 2933 1227 3007 ope
1266 2911 1424 3006 exprimi
1458 2931 1534 2982 non
1569 2921 1712 3006 potest:
1753 2907 1856 3004 quod
1891 2917 1933 2978 ut

443 3065 729 3142 consequamur,
758 3039 1009 3140 complurium
1034 3041 1134 3139 plani
1166 3043 1349 3116 doctrinae
1375 3043 1571 3116 notionum
1603 3043 1745 3115 mentio
1771 3037 1836 3114 fiat
1869 3062 1932 3112 ne·

444 3199 547 3249 cesse
575 3189 643 3249 est.

1163 3387 1212 3462 II.

664 3641 714 3693 DE
740 3639 859 3692 PLANI
887 3639 926 3692 IN
952 3641 995 3692 SE
1022 3641 1138 3693 IPSUM
1163 3639 1497 3692 TRANSLATIONUM
1522 3638 1713 3692 THEORIA.

518 3841 762 3940 Concipimus
796 3867 864 3939 per
897 3841 1049 3939 planum
1085 3841 1242 3914 duarum
1277 3841 1555 3913 dimensionum
1589 3841 1821 3928 varietatem,
1849 3864 1935 3938 quae

443 3981 482 4050 in
516 3977 636 4075 spatio
663 3974 870 4048 Eucnrnno
904 3977 1032 4048 nescio
1068 3998 1181 4071 quam
1215 3972 1490 4046 dimensionem
1524 3974 1687 4048 habente
1723 3975 1938 4048 continetur

443 4111 504 4197 ita,
532 4121 574 4182 ut
600 4109 679 4182 eius
707 4108 937 4182 elementum
963 4107 1102 4181 lineare
1129 4109 1176 4180 ds
1202 4109 1361 4206 positiva
1387 4105 1541 4182 delinita
1559 4107 1798 4182 differentiali
1815 4107 1937 4182 forma

863 4301 1511 4379 ds²=Edu²÷2qudo÷de²

446 4511 567 4597 detur,
595 4510 641 4582 ad
668 4532 779 4605 quam
807 4510 996 4605 expressio
1023 4534 1069 4580 ex
1096 4505 1145 4594 E,
1172 4506 1219 4597 F,
1246 4507 1282 4583 G
1308 4522 1346 4582 et
1372 4533 1417 4581 ex
1445 4531 1575 4581 eorum
1595 4507 1814 4607 partialibus
1832 4508 1937 4583 diffe-

445 4642 665 4716 rentialibus
691 4644 898 4717 secundum
925 4671 961 4732 u,
988 4669 1011 4718 o
1037 4642 1208 4732 formata,
1236 4669 1309 4740 qna
1335 4645 1574 4742 expressione
1602 4643 1746 4730 Gauss,
1765 4643 1822 4718 vir
1838 4668 1937 4718 sum-
