<?xml version="1.0" encoding="UTF-8"?>
<!DOCTYPE html PUBLIC "-//W3C//DTD XHTML 1.0 Transitional//EN"
    "http://www.w3.org/TR/xhtml1/DTD/xhtml1-transitional.dtd">
<html xmlns="http://www.w3.org/1999/xhtml" xml:lang="en" lang="en">
 <head>
  <title>
</title>
<meta http-equiv="Content-Type" content="text/html;charset=utf-8" />
  <meta name='ocr-system' content='tesseract 3.04.00' />
  <meta name='ocr-capabilities' content='ocr_page ocr_carea ocr_par ocr_line ocrx_word'/>
</head>
<body>
  <div class='ocr_page' id='page_1' title='image "./libelluspostsae01schlgoog_0102.png"; bbox 0 0 4426 5620; ppageno 0'>
   <div class='ocr_carea' id='block_1_1' title="bbox 517 722 1756 786">
    <p class='ocr_par' dir='ltr' id='par_1_1' title="bbox 517 722 1756 786">
     <span class='ocr_line' id='line_1_1' title="bbox 517 722 1756 786; baseline 0.002 -20"><span class='ocrx_word' id='word_1_1' title='bbox 517 723 560 766; x_wconf 87' lang='lat' dir='ltr'><strong>DE</strong></span> <span class='ocrx_word' id='word_1_2' title='bbox 583 722 777 768; x_wconf 68' lang='lat' dir='ltr'><strong>mscumca</strong></span> <span class='ocrx_word' id='word_1_3' title='bbox 791 723 996 768; x_wconf 74' lang='lat' dir='ltr'><strong>vnnlurawu</strong></span> <span class='ocrx_word' id='word_1_4' title='bbox 1020 723 1240 768; x_wconf 76' lang='lat' dir='ltr'>COMPLURIUM</span> <span class='ocrx_word' id='word_1_5' title='bbox 1262 723 1502 769; x_wconf 70' lang='lat' dir='ltr'><strong>munuslortuu.</strong></span> <span class='ocrx_word' id='word_1_6' title='bbox 1720 723 1756 786; x_wconf 80' lang='grc'><strong>77</strong></span> 
     </span>
    </p>
   </div>
   <div class='ocr_carea' id='block_1_2' title="bbox 232 925 1759 4766">
    <p class='ocr_par' dir='ltr' id='par_1_2' title="bbox 261 925 1757 1693">
     <span class='ocr_line' id='line_1_2' title="bbox 262 925 1756 1028; baseline 0.001 -26"><span class='ocrx_word' id='word_1_7' title='bbox 262 929 538 1002; x_wconf 85' lang='lat' dir='ltr'><strong>contineantur.</strong></span> <span class='ocrx_word' id='word_1_8' title='bbox 565 925 756 1021; x_wconf 78' lang='lat' dir='ltr'><strong>Quoniam</strong></span> <span class='ocrx_word' id='word_1_9' title='bbox 782 953 874 1002; x_wconf 89' lang='lat' dir='ltr'><strong>vero</strong></span> <span class='ocrx_word' id='word_1_10' title='bbox 899 929 938 1002; x_wconf 91' lang='lat' dir='ltr'><strong>in</strong></span> <span class='ocrx_word' id='word_1_11' title='bbox 964 927 1086 1027; x_wconf 88' lang='lat' dir='ltr'><strong>spatio</strong></span> <span class='ocrx_word' id='word_1_12' title='bbox 1113 927 1281 1027; x_wconf 90' lang='lat' dir='ltr'><strong>elliptico</strong></span> <span class='ocrx_word' id='word_1_13' title='bbox 1306 953 1377 1028; x_wconf 92' lang='lat' dir='ltr'><strong>pro</strong></span> <span class='ocrx_word' id='word_1_14' title='bbox 1404 928 1546 1004; x_wconf 93' lang='lat' dir='ltr'><strong>circulo</strong></span> <span class='ocrx_word' id='word_1_15' title='bbox 1578 929 1756 1028; x_wconf 87' lang='lat' dir='ltr'><strong>imagina-</strong></span> 
     </span>
     <span class='ocr_line' id='line_1_3' title="bbox 263 1059 1756 1162; baseline 0.003 -28"><span class='ocrx_word' id='word_1_16' title='bbox 263 1063 318 1134; x_wconf 92' lang='lat' dir='ltr'><strong>rio</strong></span> <span class='ocrx_word' id='word_1_17' title='bbox 352 1073 474 1135; x_wconf 85' lang='lat' dir='ltr'><strong>exstet</strong></span> <span class='ocrx_word' id='word_1_18' title='bbox 508 1059 727 1159; x_wconf 88' lang='lat' dir='ltr'><strong>superficies</strong></span> <span class='ocrx_word' id='word_1_19' title='bbox 762 1062 918 1134; x_wconf 91' lang='lat' dir='ltr'><strong>secundi</strong></span> <span class='ocrx_word' id='word_1_20' title='bbox 956 1061 1097 1136; x_wconf 91' lang='lat' dir='ltr'><strong>ordinis</strong></span> <span class='ocrx_word' id='word_1_21' title='bbox 1136 1063 1318 1152; x_wconf 88' lang='lat' dir='ltr'><strong>absoluta,</strong></span> <span class='ocrx_word' id='word_1_22' title='bbox 1358 1064 1588 1138; x_wconf 88' lang='lat' dir='ltr'><strong>tetraedrum</strong></span> <span class='ocrx_word' id='word_1_23' title='bbox 1627 1063 1756 1162; x_wconf 90' lang='lat' dir='ltr'><strong>polare</strong></span> 
     </span>
     <span class='ocr_line' id='line_1_4' title="bbox 262 1193 1757 1296; baseline 0.002 -29"><span class='ocrx_word' id='word_1_24' title='bbox 262 1193 369 1268; x_wconf 92' lang='lat' dir='ltr'><strong>huius</strong></span> <span class='ocrx_word' id='word_1_25' title='bbox 395 1193 610 1293; x_wconf 87' lang='lat' dir='ltr'><strong>superficiei</strong></span> <span class='ocrx_word' id='word_1_26' title='bbox 636 1208 675 1268; x_wconf 89' lang='lat' dir='ltr'><strong>et</strong></span> <span class='ocrx_word' id='word_1_27' title='bbox 701 1195 871 1293; x_wconf 86' lang='lat' dir='ltr'><strong>imaginis</strong></span> <span class='ocrx_word' id='word_1_28' title='bbox 897 1195 1124 1293; x_wconf 74' lang='lat' dir='ltr'><strong>imaginariae</strong></span> <span class='ocrx_word' id='word_1_29' title='bbox 1152 1221 1216 1270; x_wconf 85' lang='lat' dir='ltr'><strong>sex</strong></span> <span class='ocrx_word' id='word_1_30' title='bbox 1242 1221 1329 1270; x_wconf 84' lang='lat' dir='ltr'><strong>axes</strong></span> <span class='ocrx_word' id='word_1_31' title='bbox 1354 1199 1500 1270; x_wconf 83' lang='lat' dir='ltr'><strong>inertiae</strong></span> <span class='ocrx_word' id='word_1_32' title='bbox 1530 1195 1757 1296; x_wconf 84' lang='lat' dir='ltr'><strong>principales</strong></span> 
     </span>
     <span class='ocr_line' id='line_1_5' title="bbox 262 1327 1755 1420; baseline 0.003 -19"><span class='ocrx_word' id='word_1_33' title='bbox 262 1327 423 1402; x_wconf 87' lang='lat' dir='ltr'><strong>exhibet.</strong></span> <span class='ocrx_word' id='word_1_34' title='bbox 449 1327 512 1401; x_wconf 94' lang='lat' dir='ltr'><strong>De</strong></span> <span class='ocrx_word' id='word_1_35' title='bbox 539 1329 743 1402; x_wconf 90' lang='lat' dir='ltr'><strong>momentis</strong></span> <span class='ocrx_word' id='word_1_36' title='bbox 770 1341 808 1402; x_wconf 92' lang='lat' dir='ltr'><strong>et</strong></span> <span class='ocrx_word' id='word_1_37' title='bbox 833 1327 979 1402; x_wconf 86' lang='lat' dir='ltr'><strong>inertiae</strong></span> <span class='ocrx_word' id='word_1_38' title='bbox 1007 1343 1045 1404; x_wconf 92' lang='lat' dir='ltr'><strong>et</strong></span> <span class='ocrx_word' id='word_1_39' title='bbox 1071 1329 1292 1404; x_wconf 87' lang='lat' dir='ltr'><strong>deviationis</strong></span> <span class='ocrx_word' id='word_1_40' title='bbox 1319 1329 1419 1403; x_wconf 90' lang='lat' dir='ltr'><strong>haud</strong></span> <span class='ocrx_word' id='word_1_41' title='bbox 1445 1329 1552 1402; x_wconf 89' lang='lat' dir='ltr'><strong>multi</strong></span> <span class='ocrx_word' id='word_1_42' title='bbox 1571 1343 1755 1420; x_wconf 87' lang='lat' dir='ltr'><strong>auctores,</strong></span> 
     </span>
     <span class='ocr_line' id='line_1_6' title="bbox 261 1459 1755 1561; baseline 0.001 -27"><span class='ocrx_word' id='word_1_43' title='bbox 261 1463 329 1534; x_wconf 90' lang='lat' dir='ltr'><strong>viri</strong></span> <span class='ocrx_word' id='word_1_44' title='bbox 367 1462 563 1536; x_wconf 88' lang='lat' dir='ltr'><strong>clarissimi</strong></span> <span class='ocrx_word' id='word_1_45' title='bbox 602 1459 775 1535; x_wconf 79' lang='lat' dir='ltr'><strong>Kurrno</strong></span> <span class='ocrx_word' id='word_1_46' title='bbox 815 1460 946 1558; x_wconf 86' lang='lat'><strong>(1885),</strong></span> <span class='ocrx_word' id='word_1_47' title='bbox 987 1463 1129 1537; x_wconf 71' lang='lat' dir='ltr'><strong>Horon</strong></span> <span class='ocrx_word' id='word_1_48' title='bbox 1168 1461 1298 1561; x_wconf 85' lang='lat'><strong>(1887),</strong></span> <span class='ocrx_word' id='word_1_49' title='bbox 1339 1463 1377 1538; x_wconf 92' lang='lat' dir='ltr'><strong>S.</strong></span> <span class='ocrx_word' id='word_1_50' title='bbox 1417 1462 1593 1538; x_wconf 81' lang='lat' dir='ltr'><strong>Knnron</strong></span> <span class='ocrx_word' id='word_1_51' title='bbox 1621 1461 1755 1561; x_wconf 85' lang='grc'>(1896),</span> 
     </span>
     <span class='ocr_line' id='line_1_7' title="bbox 263 1605 544 1693; baseline -0.007 -23"><span class='ocrx_word' id='word_1_52' title='bbox 263 1609 432 1693; x_wconf 89' lang='lat' dir='ltr'><strong>egerunt.</strong></span> <span class='ocrx_word' id='word_1_53' title='bbox 537 1605 544 1628; x_wconf 83' lang='lat'>¹</span> 
     </span>
    </p>

    <p class='ocr_par' dir='ltr' id='par_1_3' title="bbox 232 1727 1759 3964">
     <span class='ocr_line' id='line_1_8' title="bbox 232 1727 1756 1830; baseline -0.001 -26"><span class='ocrx_word' id='word_1_54' title='bbox 232 1727 233 1730; x_wconf 64' lang='grc'>’</span> <span class='ocrx_word' id='word_1_55' title='bbox 336 1729 515 1828; x_wconf 92' lang='lat' dir='ltr'><strong>Corporis</strong></span> <span class='ocrx_word' id='word_1_56' title='bbox 558 1727 668 1826; x_wconf 87' lang='lat' dir='ltr'><strong>rigidi</strong></span> <span class='ocrx_word' id='word_1_57' title='bbox 710 1729 937 1804; x_wconf 88' lang='lat' dir='ltr'><strong>rotationem</strong></span> <span class='ocrx_word' id='word_1_58' title='bbox 980 1732 1081 1805; x_wconf 86' lang='lat' dir='ltr'><strong>circa</strong></span> <span class='ocrx_word' id='word_1_59' title='bbox 1121 1743 1304 1830; x_wconf 92' lang='lat' dir='ltr'><strong>punctum</strong></span> <span class='ocrx_word' id='word_1_60' title='bbox 1353 1728 1480 1818; x_wconf 87' lang='lat' dir='ltr'><strong>fixum,</strong></span> <span class='ocrx_word' id='word_1_61' title='bbox 1524 1732 1555 1803; x_wconf 91' lang='lat' dir='ltr'><strong>si</strong></span> <span class='ocrx_word' id='word_1_62' title='bbox 1595 1731 1756 1828; x_wconf 91' lang='lat' dir='ltr'><strong>spatium</strong></span> 
     </span>
     <span class='ocr_line' id='line_1_9' title="bbox 262 1861 1758 1963; baseline 0 -27"><span class='ocrx_word' id='word_1_63' title='bbox 262 1861 506 1936; x_wconf 75' lang='lat' dir='ltr'><strong>Eucmutsum</strong></span> <span class='ocrx_word' id='word_1_64' title='bbox 541 1862 795 1961; x_wconf 92' lang='lat' dir='ltr'><strong>complurium</strong></span> <span class='ocrx_word' id='word_1_65' title='bbox 829 1861 1105 1937; x_wconf 89' lang='lat' dir='ltr'><strong>dimensionum</strong></span> <span class='ocrx_word' id='word_1_66' title='bbox 1140 1877 1314 1963; x_wconf 88' lang='lat' dir='ltr'><strong>ponatur,</strong></span> <span class='ocrx_word' id='word_1_67' title='bbox 1349 1867 1422 1939; x_wconf 88' lang='lat' dir='ltr'><strong>iarn</strong></span> <span class='ocrx_word' id='word_1_68' title='bbox 1455 1865 1611 1940; x_wconf 79' lang='lat' dir='ltr'><strong>Cnvnnv</strong></span> <span class='ocrx_word' id='word_1_69' title='bbox 1638 1863 1758 1961; x_wconf 89' lang='grc'>(1846)</span> 
     </span>
     <span class='ocr_line' id='line_1_10' title="bbox 262 1995 1757 2098; baseline 0.003 -28"><span class='ocrx_word' id='word_1_70' title='bbox 262 1995 394 2094; x_wconf 87' lang='lat' dir='ltr'><strong>tetigit,</strong></span> <span class='ocrx_word' id='word_1_71' title='bbox 423 1997 486 2093; x_wconf 93' lang='lat' dir='ltr'><strong>qui</strong></span> <span class='ocrx_word' id='word_1_72' title='bbox 516 2021 590 2093; x_wconf 91' lang='lat' dir='ltr'><strong>qua</strong></span> <span class='ocrx_word' id='word_1_73' title='bbox 624 1999 769 2071; x_wconf 90' lang='lat' dir='ltr'><strong>ratione</strong></span> <span class='ocrx_word' id='word_1_74' title='bbox 805 1996 1037 2094; x_wconf 86' lang='lat' dir='ltr'><strong>aequationes</strong></span> <span class='ocrx_word' id='word_1_75' title='bbox 1072 1996 1339 2072; x_wconf 87' lang='lat' dir='ltr'><strong>differentiales</strong></span> <span class='ocrx_word' id='word_1_76' title='bbox 1373 2012 1518 2074; x_wconf 91' lang='lat' dir='ltr'><strong>motum</strong></span> <span class='ocrx_word' id='word_1_77' title='bbox 1553 2001 1757 2098; x_wconf 87' lang='lat' dir='ltr'><strong>dirigentes</strong></span> 
     </span>
     <span class='ocr_line' id='line_1_11' title="bbox 260 2128 1756 2230; baseline 0.003 -28"><span class='ocrx_word' id='word_1_78' title='bbox 260 2128 497 2203; x_wconf 87' lang='lat' dir='ltr'><strong>inveniantur</strong></span> <span class='ocrx_word' id='word_1_79' title='bbox 522 2129 689 2204; x_wconf 88' lang='lat' dir='ltr'><strong>breviter</strong></span> <span class='ocrx_word' id='word_1_80' title='bbox 714 2132 941 2230; x_wconf 89' lang='lat' dir='ltr'><strong>perstrinxit.</strong></span> <span class='ocrx_word' id='word_1_81' title='bbox 966 2130 1136 2225; x_wconf 84' lang='lat' dir='ltr'><strong>Quarum</strong></span> <span class='ocrx_word' id='word_1_82' title='bbox 1164 2133 1419 2229; x_wconf 84' lang='lat' dir='ltr'><strong>aequationum</strong></span> <span class='ocrx_word' id='word_1_83' title='bbox 1445 2133 1627 2210; x_wconf 84' lang='lat' dir='ltr'><strong>formulas</strong></span> <span class='ocrx_word' id='word_1_84' title='bbox 1648 2159 1756 2210; x_wconf 90' lang='lat' dir='ltr'><strong>accu-</strong></span> 
     </span>
     <span class='ocr_line' id='line_1_12' title="bbox 261 2260 1754 2366; baseline 0.003 -30"><span class='ocrx_word' id='word_1_85' title='bbox 261 2275 359 2336; x_wconf 87' lang='lat' dir='ltr'><strong>ratas</strong></span> <span class='ocrx_word' id='word_1_86' title='bbox 385 2260 417 2335; x_wconf 92' lang='lat' dir='ltr'>F</span> <span class='ocrx_word' id='word_1_87' title='bbox 419 2283 537 2335; x_wconf 79' lang='lat' dir='ltr'><strong>naun</strong></span> <span class='ocrx_word' id='word_1_88' title='bbox 563 2262 685 2360; x_wconf 86' lang='lat'><strong>(1873)</strong></span> <span class='ocrx_word' id='word_1_89' title='bbox 720 2261 920 2362; x_wconf 88' lang='lat' dir='ltr'><strong>indagavit.</strong></span> <span class='ocrx_word' id='word_1_90' title='bbox 949 2263 1056 2337; x_wconf 93' lang='lat' dir='ltr'><strong>Idem</strong></span> <span class='ocrx_word' id='word_1_91' title='bbox 1084 2266 1317 2362; x_wconf 83' lang='lat' dir='ltr'><strong>aequationes</strong></span> <span class='ocrx_word' id='word_1_92' title='bbox 1344 2269 1524 2366; x_wconf 89' lang='lat' dir='ltr'><strong>quasdam</strong></span> <span class='ocrx_word' id='word_1_93' title='bbox 1542 2265 1754 2365; x_wconf 87' lang='lat' dir='ltr'><strong>integrales,</strong></span> 
     </span>
     <span class='ocr_line' id='line_1_13' title="bbox 263 2398 1759 2498; baseline 0.003 -29"><span class='ocrx_word' id='word_1_94' title='bbox 263 2419 348 2493; x_wconf 86' lang='lat' dir='ltr'><strong>quae</strong></span> <span class='ocrx_word' id='word_1_95' title='bbox 376 2419 535 2494; x_wconf 92' lang='lat' dir='ltr'><strong>corpore</strong></span> <span class='ocrx_word' id='word_1_96' title='bbox 563 2398 642 2470; x_wconf 89' lang='lat' dir='ltr'><strong>sine</strong></span> <span class='ocrx_word' id='word_1_97' title='bbox 668 2399 803 2471; x_wconf 89' lang='lat' dir='ltr'><strong>virium</strong></span> <span class='ocrx_word' id='word_1_98' title='bbox 830 2411 1068 2472; x_wconf 77' lang='lat' dir='ltr'><strong>ertemarum</strong></span> <span class='ocrx_word' id='word_1_99' title='bbox 1094 2423 1167 2496; x_wconf 91' lang='lat' dir='ltr'><strong>ope</strong></span> <span class='ocrx_word' id='word_1_100' title='bbox 1193 2413 1370 2498; x_wconf 91' lang='lat' dir='ltr'><strong>promoto</strong></span> <span class='ocrx_word' id='word_1_101' title='bbox 1395 2400 1532 2490; x_wconf 89' lang='lat' dir='ltr'><strong>valent,</strong></span> <span class='ocrx_word' id='word_1_102' title='bbox 1561 2402 1703 2475; x_wconf 89' lang='lat' dir='ltr'><strong>detexit</strong></span> <span class='ocrx_word' id='word_1_103' title='bbox 1721 2413 1759 2475; x_wconf 92' lang='lat' dir='ltr'><strong>et</strong></span> 
     </span>
     <span class='ocr_line' id='line_1_14' title="bbox 261 2531 1757 2630; baseline 0.003 -26"><span class='ocrx_word' id='word_1_104' title='bbox 261 2531 357 2605; x_wconf 91' lang='lat' dir='ltr'><strong>intra</strong></span> <span class='ocrx_word' id='word_1_105' title='bbox 383 2556 582 2606; x_wconf 92' lang='lat' dir='ltr'><strong>numerum</strong></span> <span class='ocrx_word' id='word_1_106' title='bbox 609 2545 789 2630; x_wconf 91' lang='lat' dir='ltr'><strong>quattuor</strong></span> <span class='ocrx_word' id='word_1_107' title='bbox 814 2533 1091 2606; x_wconf 89' lang='lat' dir='ltr'><strong>dimensionum</strong></span> <span class='ocrx_word' id='word_1_108' title='bbox 1118 2534 1336 2622; x_wconf 91' lang='lat' dir='ltr'><strong>consistens,</strong></span> <span class='ocrx_word' id='word_1_109' title='bbox 1359 2535 1567 2610; x_wconf 93' lang='lat' dir='ltr'><strong>dummodo</strong></span> <span class='ocrx_word' id='word_1_110' title='bbox 1586 2547 1757 2610; x_wconf 89' lang='lat' dir='ltr'><strong>constan·</strong></span> 
     </span>
     <span class='ocr_line' id='line_1_15' title="bbox 262 2665 1758 2765; baseline 0.003 -29"><span class='ocrx_word' id='word_1_111' title='bbox 262 2675 319 2738; x_wconf 91' lang='lat' dir='ltr'><strong>tes</strong></span> <span class='ocrx_word' id='word_1_112' title='bbox 353 2665 582 2763; x_wconf 89' lang='lat' dir='ltr'><strong>problemati</strong></span> <span class='ocrx_word' id='word_1_113' title='bbox 616 2667 780 2764; x_wconf 88' lang='lat' dir='ltr'><strong>propriae</strong></span> <span class='ocrx_word' id='word_1_114' title='bbox 814 2665 1017 2742; x_wconf 90' lang='lat' dir='ltr'><strong>relationes</strong></span> <span class='ocrx_word' id='word_1_115' title='bbox 1052 2668 1232 2763; x_wconf 85' lang='lat' dir='ltr'><strong>quasdam</strong></span> <span class='ocrx_word' id='word_1_116' title='bbox 1266 2665 1439 2756; x_wconf 87' lang='lat' dir='ltr'><strong>habeant,</strong></span> <span class='ocrx_word' id='word_1_117' title='bbox 1471 2669 1758 2765; x_wconf 89' lang='lat' dir='ltr'><strong>integrationem</strong></span> 
     </span>
     <span class='ocr_line' id='line_1_16' title="bbox 262 2796 1758 2900; baseline 0.001 -28"><span class='ocrx_word' id='word_1_118' title='bbox 262 2797 349 2872; x_wconf 93' lang='lat' dir='ltr'><strong>solis</strong></span> <span class='ocrx_word' id='word_1_119' title='bbox 376 2799 613 2895; x_wconf 90' lang='lat' dir='ltr'><strong>quadraturis</strong></span> <span class='ocrx_word' id='word_1_120' title='bbox 639 2797 739 2872; x_wconf 88' lang='lat' dir='ltr'><strong>effici</strong></span> <span class='ocrx_word' id='word_1_121' title='bbox 764 2823 875 2898; x_wconf 89' lang='lat' dir='ltr'><strong>posse</strong></span> <span class='ocrx_word' id='word_1_122' title='bbox 903 2799 1043 2874; x_wconf 88' lang='lat' dir='ltr'><strong>statuit.</strong></span> <span class='ocrx_word' id='word_1_123' title='bbox 1073 2796 1172 2872; x_wconf 90' lang='lat' dir='ltr'><strong>Tum</strong></span> <span class='ocrx_word' id='word_1_124' title='bbox 1207 2799 1408 2874; x_wconf 75' lang='lat' dir='ltr'><strong>Curnono</strong></span> <span class='ocrx_word' id='word_1_125' title='bbox 1443 2797 1562 2898; x_wconf 91' lang='grc'>(1876)</span> <span class='ocrx_word' id='word_1_126' title='bbox 1598 2825 1758 2900; x_wconf 89' lang='lat' dir='ltr'><strong>corpore</strong></span> 
     </span>
     <span class='ocr_line' id='line_1_17' title="bbox 262 2932 1757 3032; baseline 0.003 -27"><span class='ocrx_word' id='word_1_127' title='bbox 262 2932 340 3006; x_wconf 90' lang='lat' dir='ltr'><strong>sine</strong></span> <span class='ocrx_word' id='word_1_128' title='bbox 365 2932 501 3004; x_wconf 89' lang='lat' dir='ltr'><strong>virium</strong></span> <span class='ocrx_word' id='word_1_129' title='bbox 529 2943 767 3006; x_wconf 86' lang='lat' dir='ltr'><strong>externarum</strong></span> <span class='ocrx_word' id='word_1_130' title='bbox 794 2955 867 3030; x_wconf 92' lang='lat' dir='ltr'><strong>ope</strong></span> <span class='ocrx_word' id='word_1_131' title='bbox 893 2945 1070 3031; x_wconf 90' lang='lat' dir='ltr'><strong>promoto</strong></span> <span class='ocrx_word' id='word_1_132' title='bbox 1097 2933 1329 3032; x_wconf 88' lang='lat' dir='ltr'><strong>aequatioues</strong></span> <span class='ocrx_word' id='word_1_133' title='bbox 1364 2935 1630 3010; x_wconf 87' lang='lat' dir='ltr'><strong>differentiales</strong></span> <span class='ocrx_word' id='word_1_134' title='bbox 1663 2935 1757 3009; x_wconf 92' lang='lat' dir='ltr'><strong>inte-</strong></span> 
     </span>
     <span class='ocr_line' id='line_1_18' title="bbox 261 3063 1758 3168; baseline 0.005 -31"><span class='ocrx_word' id='word_1_135' title='bbox 261 3088 368 3162; x_wconf 89' lang='lat' dir='ltr'><strong>grare</strong></span> <span class='ocrx_word' id='word_1_136' title='bbox 403 3077 560 3138; x_wconf 90' lang='lat' dir='ltr'><strong>conatus</strong></span> <span class='ocrx_word' id='word_1_137' title='bbox 595 3077 653 3138; x_wconf 91' lang='lat' dir='ltr'><strong>est</strong></span> <span class='ocrx_word' id='word_1_138' title='bbox 687 3063 942 3140; x_wconf 86' lang='lat' dir='ltr'><strong>functionibus</strong></span> <span class='ocrx_word' id='word_1_139' title='bbox 976 3065 1050 3141; x_wconf 91' lang='lat' dir='ltr'><strong>illis</strong></span> <span class='ocrx_word' id='word_1_140' title='bbox 1085 3065 1352 3160; x_wconf 89' lang='lat' dir='ltr'><strong>celeberrimis,</strong></span> <span class='ocrx_word' id='word_1_141' title='bbox 1389 3094 1474 3168; x_wconf 87' lang='lat' dir='ltr'><strong>quae</strong></span> <span class='ocrx_word' id='word_1_142' title='bbox 1508 3068 1617 3145; x_wconf 91' lang='lat' dir='ltr'><strong>litera</strong></span> <span class='ocrx_word' id='word_1_143' title='bbox 1654 3070 1758 3144; x_wconf 89' lang='lat' dir='ltr'><strong>theta</strong></span> 
     </span>
     <span class='ocr_line' id='line_1_19' title="bbox 262 3194 1758 3301; baseline 0.005 -32"><span class='ocrx_word' id='word_1_144' title='bbox 262 3194 529 3295; x_wconf 87' lang='lat' dir='ltr'><strong>significantur,</strong></span> <span class='ocrx_word' id='word_1_145' title='bbox 558 3222 643 3271; x_wconf 93' lang='lat' dir='ltr'><strong>cum</strong></span> <span class='ocrx_word' id='word_1_146' title='bbox 669 3211 889 3295; x_wconf 88' lang='lat' dir='ltr'><strong>argumenta</strong></span> <span class='ocrx_word' id='word_1_147' title='bbox 905 3198 1161 3274; x_wconf 89' lang='lat' dir='ltr'><strong>functionibus</strong></span> <span class='ocrx_word' id='word_1_148' title='bbox 1179 3198 1382 3275; x_wconf 88' lang='lat' dir='ltr'><strong>linearibus</strong></span> <span class='ocrx_word' id='word_1_149' title='bbox 1400 3204 1581 3301; x_wconf 90' lang='lat' dir='ltr'><strong>temporis</strong></span> <span class='ocrx_word' id='word_1_150' title='bbox 1600 3201 1758 3301; x_wconf 86' lang='lat' dir='ltr'><strong>aequalia</strong></span> 
     </span>
     <span class='ocr_line' id='line_1_20' title="bbox 262 3329 1756 3429; baseline 0.003 -25"><span class='ocrx_word' id='word_1_151' title='bbox 262 3345 461 3428; x_wconf 88' lang='lat' dir='ltr'><strong>ponantur.</strong></span> <span class='ocrx_word' id='word_1_152' title='bbox 497 3330 574 3404; x_wconf 89' lang='lat' dir='ltr'><strong>Sed</strong></span> <span class='ocrx_word' id='word_1_153' title='bbox 609 3329 794 3421; x_wconf 78' lang='lat' dir='ltr'><strong>Kunmc,</strong></span> <span class='ocrx_word' id='word_1_154' title='bbox 831 3332 889 3404; x_wconf 90' lang='lat' dir='ltr'><strong>vir</strong></span> <span class='ocrx_word' id='word_1_155' title='bbox 924 3329 1160 3420; x_wconf 90' lang='lat' dir='ltr'><strong>clarissimus,</strong></span> <span class='ocrx_word' id='word_1_156' title='bbox 1188 3331 1307 3429; x_wconf 86' lang='grc'>(1885)</span> <span class='ocrx_word' id='word_1_157' title='bbox 1348 3335 1629 3424; x_wconf 89' lang='lat' dir='ltr'><strong>demonstravit,</strong></span> <span class='ocrx_word' id='word_1_158' title='bbox 1660 3334 1756 3410; x_wconf 91' lang='lat' dir='ltr'><strong>hanc</strong></span> 
     </span>
     <span class='ocr_line' id='line_1_21' title="bbox 261 3463 1757 3568; baseline 0.003 -30"><span class='ocrx_word' id='word_1_159' title='bbox 261 3463 487 3538; x_wconf 89' lang='lat' dir='ltr'><strong>solutionem</strong></span> <span class='ocrx_word' id='word_1_160' title='bbox 514 3463 744 3563; x_wconf 91' lang='lat' dir='ltr'><strong>peculiarem</strong></span> <span class='ocrx_word' id='word_1_161' title='bbox 773 3488 854 3538; x_wconf 88' lang='lat' dir='ltr'><strong>esse</strong></span> <span class='ocrx_word' id='word_1_162' title='bbox 880 3489 1004 3561; x_wconf 92' lang='lat' dir='ltr'><strong>neque</strong></span> <span class='ocrx_word' id='word_1_163' title='bbox 1042 3465 1181 3564; x_wconf 89' lang='lat' dir='ltr'><strong>ubique</strong></span> <span class='ocrx_word' id='word_1_164' title='bbox 1216 3465 1353 3556; x_wconf 88' lang='lat' dir='ltr'><strong>valere,</strong></span> <span class='ocrx_word' id='word_1_165' title='bbox 1389 3467 1529 3568; x_wconf 90' lang='lat' dir='ltr'><strong>quippe</strong></span> <span class='ocrx_word' id='word_1_166' title='bbox 1565 3493 1649 3565; x_wconf 88' lang='lat' dir='ltr'><strong>quae</strong></span> <span class='ocrx_word' id='word_1_167' title='bbox 1681 3494 1757 3543; x_wconf 94' lang='lat' dir='ltr'><strong>non</strong></span> 
     </span>
     <span class='ocr_line' id='line_1_22' title="bbox 261 3597 1757 3700; baseline 0.003 -30"><span class='ocrx_word' id='word_1_168' title='bbox 261 3598 349 3670; x_wconf 88' lang='lat' dir='ltr'><strong>satis</strong></span> <span class='ocrx_word' id='word_1_169' title='bbox 376 3622 554 3696; x_wconf 88' lang='lat' dir='ltr'><strong>magnum</strong></span> <span class='ocrx_word' id='word_1_170' title='bbox 580 3620 780 3672; x_wconf 90' lang='lat' dir='ltr'><strong>numerum</strong></span> <span class='ocrx_word' id='word_1_171' title='bbox 809 3599 1060 3672; x_wconf 89' lang='lat' dir='ltr'><strong>constantium</strong></span> <span class='ocrx_word' id='word_1_172' title='bbox 1082 3597 1360 3674; x_wconf 87' lang='lat' dir='ltr'><strong>arbitrariarum</strong></span> <span class='ocrx_word' id='word_1_173' title='bbox 1378 3601 1559 3700; x_wconf 87' lang='lat' dir='ltr'><strong>praebeat.</strong></span> <span class='ocrx_word' id='word_1_174' title='bbox 1578 3599 1757 3697; x_wconf 91' lang='lat' dir='ltr'><strong>Denique</strong></span> 
     </span>
     <span class='ocr_line' id='line_1_23' title="bbox 261 3729 1756 3830; baseline 0.003 -26"><span class='ocrx_word' id='word_1_175' title='bbox 261 3730 486 3822; x_wconf 78' lang='lat' dir='ltr'><strong>Scuorrnv,</strong></span> <span class='ocrx_word' id='word_1_176' title='bbox 505 3733 562 3806; x_wconf 93' lang='lat' dir='ltr'><strong>vir</strong></span> <span class='ocrx_word' id='word_1_177' title='bbox 579 3729 816 3822; x_wconf 90' lang='lat' dir='ltr'><strong>clarissimus,</strong></span> <span class='ocrx_word' id='word_1_178' title='bbox 833 3729 953 3829; x_wconf 85' lang='lat'>(1891)</span> <span class='ocrx_word' id='word_1_179' title='bbox 972 3757 1040 3830; x_wconf 93' lang='lat' dir='ltr'><strong>pro</strong></span> <span class='ocrx_word' id='word_1_180' title='bbox 1060 3757 1147 3806; x_wconf 90' lang='lat' dir='ltr'><strong>casu</strong></span> <span class='ocrx_word' id='word_1_181' title='bbox 1165 3745 1344 3830; x_wconf 91' lang='lat' dir='ltr'><strong>quattuor</strong></span> <span class='ocrx_word' id='word_1_182' title='bbox 1363 3733 1639 3808; x_wconf 87' lang='lat' dir='ltr'><strong>dimensionum</strong></span> <span class='ocrx_word' id='word_1_183' title='bbox 1658 3733 1756 3808; x_wconf 94' lang='lat' dir='ltr'><strong>solu-</strong></span> 
     </span>
     <span class='ocr_line' id='line_1_24' title="bbox 261 3863 1129 3964; baseline 0.001 -26"><span class='ocrx_word' id='word_1_184' title='bbox 261 3865 403 3938; x_wconf 90' lang='lat' dir='ltr'><strong>tionem</strong></span> <span class='ocrx_word' id='word_1_185' title='bbox 429 3863 645 3962; x_wconf 89' lang='lat' dir='ltr'><strong>generalem</strong></span> <span class='ocrx_word' id='word_1_186' title='bbox 672 3866 910 3962; x_wconf 87' lang='lat' dir='ltr'><strong>quadraturis</strong></span> <span class='ocrx_word' id='word_1_187' title='bbox 937 3869 1129 3964; x_wconf 85' lang='lat' dir='ltr'><strong>expressit.</strong></span> 
     </span>
    </p>

    <p class='ocr_par' dir='ltr' id='par_1_4' title="bbox 260 3997 1756 4766">
     <span class='ocr_line' id='line_1_25' title="bbox 332 3997 1756 4098; baseline 0.001 -26"><span class='ocrx_word' id='word_1_188' title='bbox 332 3997 396 4072; x_wconf 93' lang='lat' dir='ltr'><strong>De</strong></span> <span class='ocrx_word' id='word_1_189' title='bbox 422 4001 610 4071; x_wconf 88' lang='lat' dir='ltr'><strong>rotatione</strong></span> <span class='ocrx_word' id='word_1_190' title='bbox 638 3997 806 4096; x_wconf 89' lang='lat' dir='ltr'><strong>corporis</strong></span> <span class='ocrx_word' id='word_1_191' title='bbox 832 3999 941 4096; x_wconf 90' lang='lat' dir='ltr'><strong>rigidi</strong></span> <span class='ocrx_word' id='word_1_192' title='bbox 967 4000 1006 4072; x_wconf 92' lang='lat' dir='ltr'><strong>in</strong></span> <span class='ocrx_word' id='word_1_193' title='bbox 1032 4001 1153 4098; x_wconf 90' lang='lat' dir='ltr'><strong>spatio</strong></span> <span class='ocrx_word' id='word_1_194' title='bbox 1180 4013 1389 4074; x_wconf 82' lang='lat' dir='ltr'><strong>curvaturae</strong></span> <span class='ocrx_word' id='word_1_195' title='bbox 1425 4000 1631 4074; x_wconf 88' lang='lat' dir='ltr'><strong>constantis</strong></span> <span class='ocrx_word' id='word_1_196' title='bbox 1656 4003 1756 4098; x_wconf 92' lang='lat' dir='ltr'><strong>posi·</strong></span> 
     </span>
     <span class='ocr_line' id='line_1_26' title="bbox 260 4131 1755 4231; baseline 0.005 -27"><span class='ocrx_word' id='word_1_197' title='bbox 260 4132 347 4204; x_wconf 84' lang='lat' dir='ltr'><strong>n&#39;vae</strong></span> <span class='ocrx_word' id='word_1_198' title='bbox 374 4131 539 4230; x_wconf 90' lang='lat' dir='ltr'><strong>promoti</strong></span> <span class='ocrx_word' id='word_1_199' title='bbox 565 4133 708 4229; x_wconf 90' lang='lat' dir='ltr'><strong>primus</strong></span> <span class='ocrx_word' id='word_1_200' title='bbox 735 4132 937 4206; x_wconf 82' lang='lat' dir='ltr'><strong>Cnmronn</strong></span> <span class='ocrx_word' id='word_1_201' title='bbox 963 4131 1083 4230; x_wconf 88' lang='grc'>(1874)</span> <span class='ocrx_word' id='word_1_202' title='bbox 1111 4134 1295 4221; x_wconf 88' lang='lat' dir='ltr'><strong>disseruit,</strong></span> <span class='ocrx_word' id='word_1_203' title='bbox 1320 4135 1552 4231; x_wconf 88' lang='lat' dir='ltr'><strong>aequationes</strong></span> <span class='ocrx_word' id='word_1_204' title='bbox 1582 4132 1755 4211; x_wconf 86' lang='lat' dir='ltr'><strong>differen-</strong></span> 
     </span>
     <span class='ocr_line' id='line_1_27' title="bbox 260 4263 1755 4365; baseline 0.003 -27"><span class='ocrx_word' id='word_1_205' title='bbox 260 4263 367 4338; x_wconf 84' lang='lat' dir='ltr'><strong>tiales</strong></span> <span class='ocrx_word' id='word_1_206' title='bbox 392 4265 597 4354; x_wconf 90' lang='lat' dir='ltr'><strong>inveniens,</strong></span> <span class='ocrx_word' id='word_1_207' title='bbox 620 4265 756 4362; x_wconf 92' lang='lat' dir='ltr'><strong>quibus</strong></span> <span class='ocrx_word' id='word_1_208' title='bbox 782 4277 907 4338; x_wconf 90' lang='lat' dir='ltr'><strong>motus</strong></span> <span class='ocrx_word' id='word_1_209' title='bbox 933 4267 1103 4364; x_wconf 91' lang='lat' dir='ltr'><strong>corporis</strong></span> <span class='ocrx_word' id='word_1_210' title='bbox 1122 4266 1372 4364; x_wconf 87' lang='lat' dir='ltr'><strong>obtemperat.</strong></span> <span class='ocrx_word' id='word_1_211' title='bbox 1392 4265 1511 4342; x_wconf 89' lang='lat' dir='ltr'><strong>Paulo</strong></span> <span class='ocrx_word' id='word_1_212' title='bbox 1529 4279 1616 4365; x_wconf 91' lang='lat' dir='ltr'><strong>post</strong></span> <span class='ocrx_word' id='word_1_213' title='bbox 1635 4265 1755 4362; x_wconf 85' lang='lat'>(1876)</span> 
     </span>
     <span class='ocr_line' id='line_1_28' title="bbox 260 4397 1755 4496; baseline 0.003 -25"><span class='ocrx_word' id='word_1_214' title='bbox 260 4397 466 4471; x_wconf 78' lang='lat' dir='ltr'><strong>Bnurnnnr</strong></span> <span class='ocrx_word' id='word_1_215' title='bbox 492 4399 764 4472; x_wconf 88' lang='lat' dir='ltr'><strong>demonstravit</strong></span> <span class='ocrx_word' id='word_1_216' title='bbox 783 4399 1016 4494; x_wconf 88' lang='lat' dir='ltr'><strong>aequationes</strong></span> <span class='ocrx_word' id='word_1_217' title='bbox 1034 4397 1116 4471; x_wconf 88' lang='lat' dir='ltr'><strong>illas</strong></span> <span class='ocrx_word' id='word_1_218' title='bbox 1134 4399 1181 4470; x_wconf 91' lang='lat' dir='ltr'><strong>ad</strong></span> <span class='ocrx_word' id='word_1_219' title='bbox 1200 4399 1360 4472; x_wconf 88' lang='lat' dir='ltr'><strong>formam</strong></span> <span class='ocrx_word' id='word_1_220' title='bbox 1379 4397 1612 4474; x_wconf 80' lang='lat' dir='ltr'><strong>Eunnnianis</strong></span> <span class='ocrx_word' id='word_1_221' title='bbox 1630 4425 1755 4496; x_wconf 87' lang='lat' dir='ltr'><strong>aequa·</strong></span> 
     </span>
     <span class='ocr_line' id='line_1_29' title="bbox 261 4527 1756 4630; baseline 0.003 -27"><span class='ocrx_word' id='word_1_222' title='bbox 261 4529 425 4605; x_wconf 90' lang='lat' dir='ltr'><strong>tionibus</strong></span> <span class='ocrx_word' id='word_1_223' title='bbox 451 4530 610 4606; x_wconf 91' lang='lat' dir='ltr'><strong>similem</strong></span> <span class='ocrx_word' id='word_1_224' title='bbox 638 4531 760 4628; x_wconf 88' lang='lat' dir='ltr'><strong>redigi</strong></span> <span class='ocrx_word' id='word_1_225' title='bbox 785 4553 908 4629; x_wconf 92' lang='lat' dir='ltr'><strong>posse.</strong></span> <span class='ocrx_word' id='word_1_226' title='bbox 934 4527 1032 4604; x_wconf 90' lang='lat' dir='ltr'><strong>Tum</strong></span> <span class='ocrx_word' id='word_1_227' title='bbox 1061 4531 1204 4605; x_wconf 81' lang='lat' dir='ltr'><strong>Hnnrn</strong></span> <span class='ocrx_word' id='word_1_228' title='bbox 1232 4530 1352 4628; x_wconf 87' lang='lat'>(1884)</span> <span class='ocrx_word' id='word_1_229' title='bbox 1375 4535 1603 4608; x_wconf 87' lang='lat' dir='ltr'><strong>rotationem</strong></span> <span class='ocrx_word' id='word_1_230' title='bbox 1622 4557 1756 4630; x_wconf 90' lang='lat' dir='ltr'><strong>corpo-</strong></span> 
     </span>
     <span class='ocr_line' id='line_1_30' title="bbox 261 4662 1755 4766; baseline 0.003 -30"><span class='ocrx_word' id='word_1_231' title='bbox 261 4665 310 4738; x_wconf 88' lang='lat' dir='ltr'><strong>ris</strong></span> <span class='ocrx_word' id='word_1_232' title='bbox 336 4662 448 4738; x_wconf 90' lang='lat' dir='ltr'><strong>solidi</strong></span> <span class='ocrx_word' id='word_1_233' title='bbox 474 4663 553 4739; x_wconf 91' lang='lat' dir='ltr'><strong>sine</strong></span> <span class='ocrx_word' id='word_1_234' title='bbox 579 4666 713 4738; x_wconf 88' lang='lat' dir='ltr'><strong>virium</strong></span> <span class='ocrx_word' id='word_1_235' title='bbox 733 4677 972 4739; x_wconf 87' lang='lat' dir='ltr'><strong>externarum</strong></span> <span class='ocrx_word' id='word_1_236' title='bbox 999 4690 1072 4765; x_wconf 92' lang='lat' dir='ltr'><strong>ope</strong></span> <span class='ocrx_word' id='word_1_237' title='bbox 1098 4665 1265 4765; x_wconf 91' lang='lat' dir='ltr'><strong>promoti</strong></span> <span class='ocrx_word' id='word_1_238' title='bbox 1283 4665 1321 4740; x_wconf 93' lang='lat' dir='ltr'><strong>in</strong></span> <span class='ocrx_word' id='word_1_239' title='bbox 1340 4664 1462 4766; x_wconf 88' lang='lat' dir='ltr'><strong>spatio</strong></span> <span class='ocrx_word' id='word_1_240' title='bbox 1480 4665 1590 4740; x_wconf 88' lang='lat' dir='ltr'><strong>trium</strong></span> <span class='ocrx_word' id='word_1_241' title='bbox 1611 4666 1755 4740; x_wconf 91' lang='lat' dir='ltr'><strong>dimen-</strong></span> 
     </span>
    </p>
   </div>
   <div class='ocr_carea' id='block_1_3' title="bbox 0 0 2218 5620">
    <p class='ocr_par' dir='ltr' id='par_1_5' title="bbox 0 0 2218 5620">
     <span class='ocr_line' id='line_1_31' title="bbox 0 0 2218 5620; baseline 0 0"><span class='ocrx_word' id='word_1_242' title='bbox 0 0 2218 5620; x_wconf 95' lang='lat' dir='ltr'><strong> </strong></span> 
     </span>
    </p>
   </div>
  </div>
 </body>
</html>
