4386 5624
459 708 497 769 70
1105 711 1132 752 r.
1156 697 1293 752 0111011111

458 929 528 1004 tur,
557 939 643 1013 quae
678 916 725 987 ad
764 925 908 986 motum
945 915 1075 1012 puncti
1110 914 1304 1011 singularis
1338 915 1399 988 vel
1435 916 1684 1014 complurium
1712 929 1948 1014 punctorum,

459 1050 596 1122 deinde
623 1050 671 1122 de
699 1047 761 1136 eis,
782 1072 867 1143 quae
894 1048 941 1119 ad
968 1060 1114 1120 motum
1140 1061 1386 1146 systematum
1412 1049 1616 1147 rigidorum
1635 1051 1834 1150 pertinent.
1855 1047 1950 1122 Cum

458 1183 534 1256 illic
561 1182 793 1269 varietatum,
821 1182 1021 1278 inquibus
1052 1195 1191 1279 puncta
1225 1195 1417 1280 vagantur,
1449 1195 1581 1258 natura
1615 1185 1819 1258 admodum
1854 1183 1953 1256 varia

459 1316 517 1406 sit,
554 1315 615 1389 hic
649 1315 765 1388 nullae
800 1317 1001 1388 varietates
1028 1315 1098 1388 nisi
1125 1329 1325 1389 curvatura
1357 1319 1544 1390 constanti
1578 1319 1744 1392 fruentes
1779 1315 1900 1390 adhuc
1934 1341 1954 1388 a

459 1451 664 1549 geometris
690 1450 913 1546 disceptatae
941 1461 1037 1522 sunt.
1063 1448 1301 1547 Appendicis
1335 1449 1422 1523 loco
1457 1417 1658 1524 1101111111]οεΙ
1680 1451 1953 1548 disquisitiones

460 1595 737 1671 enumerentur,
766 1607 852 1679 quae
879 1583 927 1655 ad
953 1594 1200 1681 systematum
1229 1582 1531 1656 deformabilium
1558 1583 1741 1657 theoriam
1772 1598 1952 1681 spectant.

533 1717 794 1810 Quaestionem
822 1717 869 1789 de
897 1728 1001 1789 motu
1027 1717 1158 1814 puncti
1184 1717 1426 1813 propositam,
1456 1719 1556 1815 quod
1593 1743 1613 1790 e
1649 1731 1780 1791 centro
1810 1715 1884 1789 fixo
1911 1741 1953 1790 ea

459 1853 496 1923 vi
524 1849 733 1938 attrahitur,
762 1873 846 1946 quae
874 1851 1060 1922 distantiae
1088 1850 1263 1924 centralis
1289 1851 1433 1924 functio
1461 1863 1527 1940 est,
1549 1849 1677 1924 Bruur
1700 1852 1818 1946 (1837)
1846 1877 1867 1923 0
1892 1853 1954 1923 tri-

459 1985 529 2059 bus
555 1987 603 2058 ad
630 1983 838 2082 quemlibet
874 1983 1148 2058 dimensionum
1185 2008 1384 2056 numerum
1416 1984 1584 2056 extendit
1594 2007 1602 2076 3
1639 2009 1749 2081 quam
1784 2009 1863 2057 rem
1899 1985 1954 2056 vir

460 2117 686 2192 clarissimus
714 2118 981 2192 Counuscune
1010 2115 1130 2212 (1881)
1167 2117 1246 2216 ipse
1282 2141 1431 2214 quoque
1462 2117 1596 2214 tetigit.
1623 2115 1721 2190 Tum
1748 2116 1953 2190 Scuunruo

460 2251 580 2348 (1873)
604 2253 787 2348 quaesivit,
808 2253 1000 2349 quomodo
1027 2275 1087 2325 res
1115 2276 1153 2324 se
1182 2249 1328 2338 habeat,
1349 2251 1379 2322 si
1404 2249 1460 2322 vis
1486 2273 1564 2323 non
1590 2249 1710 2323 solum
1738 2277 1759 2323 a
1784 2251 1956 2324 distantia

462 2385 628 2472 centrali,
657 2386 723 2458 sed
759 2387 871 2458 etiam
898 2409 919 2457 a
944 2386 1075 2483 puncti
1103 2384 1307 2458 velocitate
1335 2384 1559 2481 dependeat,
1587 2396 1698 2481 atque
1726 2383 1874 2472 Eennr,
1903 2387 1957 2456 vir

462 2518 700 2606 clarissimus,
729 2515 847 2613 (1902)
875 2519 921 2591 de
949 2530 1057 2592 motu
1085 2517 1336 2616 complurium
1363 2530 1589 2616 punctorum
1609 2517 1827 2590 seinvicem
1846 2529 1955 2591 attra-

462 2651 630 2724 hentium
659 2653 842 2725 disseruit.
867 2650 1106 2724 Planetarum
1134 2651 1275 2724 orbitas
1301 2653 1338 2724 in
1366 2651 1491 2750 spatiis
1519 2664 1729 2724 curvaturae
1753 2653 1956 2724 constantis

460 2787 676 2883 vagantium
703 2785 773 2858 viri
798 2784 1036 2858 illustrissimi
1063 2783 1270 2857 erscnrrz
1293 2782 1424 2880 (1873),
1452 2785 1607 2857 Cnvuuv
1626 2786 1756 2880 (1873),
1785 2783 1956 2857 Kumuc

462 2917 581 3016 (1885)
606 2919 851 3016 contemplati
879 2930 964 2990 sunt
991 2930 1102 3014 atque
1121 2918 1363 3006 Piraeum,
1383 2920 1440 2991 vir
1458 2917 1694 3006 clarissimuS,
1715 2917 1834 3012 (1890)
1853 2917 1955 2991 theo·

406 3027 409 3038 4
461 3065 605 3126 remata
632 3052 806 3148 quaedam
833 3077 853 3124 a
880 3051 1085 3125 clarissimo
1111 3053 1191 3125 viro
1218 3051 1430 3124 Pomcmr
1449 3052 1496 3124 de
1515 3053 1628 3124 trium
1648 3077 1850 3151 corporum
1868 3051 1955 3124 invi-

463 3209 545 3258 cem
574 3184 840 3258 attrahentium
868 3197 973 3257 motu
1000 3188 1036 3257 in
1063 3163 1184 3282 spatio
1211 3183 1416 3258 Eucutneo
1434 3187 1629 3284 proposita
1647 3187 1780 3259 eadem
1798 3187 1859 3259 via
1876 3209 1956 3284 per·

463 3333 616 3393 secutus
651 3329 718 3392 est.
754 3319 860 3392 Alias
891 3320 1069 3416 quasdam
1097 3321 1326 3415 quaestiones
1352 3319 1399 3392 de
1426 3333 1531 3392 motu
1558 3323 1689 3418 puncti
1714 3321 1752 3392 in
1778 3322 1956 3393 varietate

464 3466 674 3528 curvaturae
711 3456 916 3526 constantis
950 3453 1115 3551 promoti
1154 3475 1208 3525 un
1244 3451 1483 3526 Fauucusco
1523 3452 1642 3548 (1898)
1678 3451 1864 3540 tractavit,
1896 3453 1958 3550 qui

464 3587 693 3661 mechanicae
734 3585 971 3660 elementaris
1007 3608 1157 3659 cursum
1193 3587 1239 3658 ad
1274 3585 1347 3658 hoc
1374 3611 1492 3682 genus
1518 3585 1748 3659 mechanicae
1776 3587 1957 3683 generalis

463 3721 664 3794 transferre
692 3733 847 3794 conatus
875 3733 941 3793 est.

537 3853 603 3926 Ad
630 3867 775 3927 motum
802 3855 840 3926 in
867 3855 987 3950 spatio
1015 3852 1220 3925 Eueuruuo
1248 3853 1499 3950 complurium
1528 3851 1803 3925 dimensionum
1824 3853 1959 3950 disqui-

464 3989 624 4060 rendum
655 4013 732 4060 non
767 3989 845 4060 sine
876 3987 999 4058 fructu
1033 3985 1257 4059 adhibentur
1285 3987 1517 4060 coordinatae
1551 3985 1728 4084 ellipticae
1755 3989 1957 4084 generales,

464 4145 622 4217 quarum
649 4119 833 4193 theoriam
852 4118 992 4192 Incoer
1019 4118 1139 4216 (1839)
1169 4119 1387 4218 explicavit;
1415 4143 1506 4217 quas
1533 4119 1757 4194 adhibentes
1784 4143 1886 4220 saepe
1914 4121 1957 4193 ad

464 4253 752 4350 integrationem
793 4254 1013 4350 aequationis
1049 4253 1306 4328 differentialis
1350 4253 1663 4328 Hnuu‘rotvianae
1709 4257 1957 4352 pervenimus,

465 4387 604 4486 quippe
624 4411 709 4483 quae
737 4412 783 4460 eo
810 4388 926 4461 modo
952 4387 1192 4462 variabilibus
1219 4387 1399 4486 separatis
1418 4389 1464 4459 ad
1484 4387 1728 4484 quadraturas
1748 4388 1958 4460 reducatur.

467 4521 591 4615 Quam
616 4521 801 4594 rationem
829 4521 1103 4593 Hauauxnur
1130 4519 1262 4616 (1841),
1286 4521 1496 4594 Scaurum
1524 4519 1957 4618 (1852),Rosocunr1us

467 4652 597 4750 (1877),
626 4653 770 4746 Ruo10,
798 4655 854 4728 vir
881 4653 1115 4744 clarissimus,
1144 4653 1263 4750 (1898)
1291 4653 1500 4730 accuratius
1534 4655 1724 4756 persecuti
1750 4668 1846 4730 sunt.
1874 4655 1959 4733 Ele·
