4386 5624
411 687 448 760 58
1017 702 1044 744 a.
1067 699 1290 745 scuunsmomr

408 905 698 979 fundamentalis
718 931 931 1004 y1,...,y„
957 906 1066 980 simul
1092 907 1131 980 in
1157 907 1363 981 uniformes
1388 909 1503 1005 ipsius
1534 935 1556 1003 η
1581 907 1795 980 functiones

1047 1099 1260 1200 m=mm
1480 1119 1585 1181 um
1588 1155 1659 1176 ·····
1671 1117 1699 1181 u

410 1317 612 1394 mutentur,
641 1330 726 1404 quae
753 1319 839 1379 sunt
865 1305 958 1380 tales
984 1319 1036 1395 ut,
1056 1306 1087 1379 si
1103 1334 1126 1402 η
1144 1305 1428 1380 translationum
1452 1307 1725 1382 coniunctionis
1748 1307 1793 1396 G,
1815 1333 1899 1406 quae

413 1437 607 1538 polygono
636 1445 716 1529 olm,
739 1437 925 1528 definitur,
955 1439 1261 1513 substitutionem
1281 1438 1326 1518 Sv
1345 1439 1454 1528 subit,
1478 1440 1689 1516 functiones
1700 1465 1758 1539 y„
1775 1498 1782 1514 .
1799 1497 1807 1514 .
1824 1497 1848 1531 .,
1856 1467 1903 1539 y„

413 1571 634 1670 aequationis
674 1571 931 1646 differentialis
959 1569 1021 1669 (A)
1050 1573 1326 1646 monodromiae
1363 1573 1637 1649 coniunctionis
1668 1579 1699 1650 Θ
1724 1575 1902 1672 homoge-

415 1731 524 1780 neam
553 1717 590 1779 et
615 1704 795 1780 linearem
822 1707 1128 1780 substitutionem
1162 1705 1201 1779 T
1195 1751 1211 1787 v
1238 1707 1406 1780 subeant.
1435 1708 1533 1802 Quae
1561 1709 1766 1782 uniformes
1798 1707 1903 1782 func-

412 1839 538 1914 tiones
562 1835 678 1936 uulp),
706 1863 797 1936 quas
827 1838 877 1912 ill.
906 1837 1114 1914 Pomcxxs
1149 1839 1607 1916 Zeta-Fucusianas
1633 1839 1845 1940 appellavit,
1874 1841 1903 1914 si

415 1973 647 2073 polygonum
677 1979 755 2064 ΦΨ,
779 1973 817 2045 in
843 1973 1062 2046 Bouxxrano
1080 1973 1193 2070 plano
1213 1972 1355 2046 exsistit
1381 1987 1419 2048 et
1446 1977 1476 2047 si
1502 2001 1662 2066 rs1,...,
1683 2001 1738 2058 rs„
1766 1986 1903 2048 cuncta

414 2107 529 2181 realia
554 2118 650 2196 sunt,
679 2107 847 2180 seriebus

415 2261 479 2358 ‹B›
887 2204 1377 2406 ,guruusmd—Sff-

1286 2323 1336 2418 dv
1380 2215 1414 2404 )n
1554 2283 1659 2346 (le-m
1660 2321 1731 2341 ·····
1744 2282 1772 2345 n)

415 2509 509 2582 serie
521 2509 681 2604 quadarn
691 2504 1052 2581 Theta-Fucrrsiana
1061 2507 1187 2581 divisis
1201 2509 1358 2606 exprimi
1373 2511 1570 2606 possunt*
1580 2508 1645 2582 ubi
1659 2506 1738 2596 H„
1752 2562 1759 2580 .
1773 2563 1780 2578 .
1794 2562 1818 2597 .,
1844 2507 1907 2591 H,

416 2641 616 2716 rationales
646 2643 761 2739 ipsius
786 2671 809 2738 'l
834 2642 1046 2716 functiones
1074 2642 1255 2715 denotant
1281 2653 1319 2714 et
1351 2667 1388 2714 m
1416 2643 1601 2740 positivus
1620 2655 1657 2716 et
1675 2641 1822 2739 integer
1840 2667 1906 2714 nu-

415 2801 539 2849 merus
566 2777 652 2850 satis
678 2800 834 2873 magnus
860 2788 927 2849 est.
956 2775 1080 2848 Series
1108 2772 1170 2870 (B)
1198 2786 1474 2872 convergentes
1501 2799 1583 2848 esse
1610 2774 1661 2848 ill.
1683 2773 1904 2863 Porsenna,

416 2911 478 3008 qui
512 2909 578 2984 has
612 2911 727 2984 series
767 2907 1236 2982 Zeta-Fucusianas
1279 2907 1491 3007 appellavit,
1529 2908 1903 2995 considerationibus,

418 3067 502 3140 quae
529 3045 566 3115 in
594 3042 706 3136 plano
735 3041 955 3115 Bonxrano
983 3043 1173 3116 metiendo
1200 3045 1380 3133 nituntur,
1413 3041 1587 3116 adhibitis
1613 3041 1850 3140 probavit*

490 3197 523 3268 3.
551 3173 621 3248 De
652 3173 960 3275 problemate
997 3175 1357 3250 Rrsuxuuiano
1384 3179 1439 3250 ad
1466 3177 1729 3250 linearium
1757 3199 1905 3272 aequa-

417 3310 602 3382 tionum
630 3309 1048 3382 differentialium
1075 3308 1318 3383 theoriam
1345 3311 1618 3409 proposito.

489 3441 522 3514 F
524 3444 719 3516 unctiones
745 3441 1091 3517 zeta-Fucnsianae
1118 3446 1156 3516 in
1183 3443 1331 3517 casibus
1355 3444 1577 3543 quibusdam
1596 3456 1737 3540 praesto
1757 3455 1842 3516 sunt
1860 3442 1907 3513 ad

417 3575 635 3650 solvendam
652 3575 900 3672 quaestionem
920 3601 965 3650 ex
983 3601 1067 3673 quae
1087 3576 1136 3652 ill.
1149 3577 1343 3651 Rrunnuu
1363 3581 1400 3652 in
1418 3579 1630 3676 fragmento
1650 3587 1826 3675 postumo
1836 3576 1908 3627 *t*

415 3711 610 3782 linearium
639 3710 895 3806 aequationum
919 3709 1220 3784 differentialium
1248 3711 1433 3785 theoriam
1456 3709 1645 3785 aedilicare
1665 3719 1821 3783 conatus
1840 3720 1906 3795 est,

419 3867 644 3940 quamquam
669 3867 752 3916 eam
771 3841 865 3915 solvi
883 3866 994 3940 posse
1021 3867 1097 3916 non
1123 3844 1308 3942 probavit.
1333 3843 1391 3917 Ex
1416 3844 1486 3917 hac
1513 3845 1723 3941 quaestione
1746 3853 1909 3940 systema

419 3976 628 4073 complexae
654 3976 843 4051 variabilis
868 4001 892 4048 z
918 3975 1165 4066 functionum,
1194 4002 1278 4075 quae
1313 3979 1545 4075 praescriptis
1581 3975 1806 4073 quibusdam
1837 3977 1908 4048 sin-

417 4108 606 4206 gularibus
632 4109 782 4208 punctis
808 4135 954 4198 a1‚...,
974 4135 1016 4191 a,
1040 4111 1206 4207 exceptis
1233 4107 1399 4206 undique
1427 4109 1643 4197 uniformes,
1670 4107 1798 4198 finitae,
1820 4133 1908 4182 con·

419 4243 533 4317 tinuae
569 4257 665 4332 sunt,
701 4245 739 4315 in
773 4245 921 4341 punctis
955 4243 1045 4341 ipsis
1080 4255 1204 4318 autem
1238 4241 1339 4316 haud
1373 4241 1580 4316 indefinitae
1607 4240 1702 4316 fiunt
1728 4265 1771 4315 ac
1798 4241 1908 4314 simul

488 4501 503 4532 *
520 4499 671 4556 Pornexmt,
689 4501 758 4549 Acta
772 4497 974 4557 Mathematica.
993 4505 1057 4550 tom.
1075 4499 1108 4556 V,
1125 4513 1185 4563 pag.
1199 4513 1253 4562 257·

474 4588 505 4622 *r
521 4589 538 4638 1.
556 4602 578 4638 c.
596 4603 654 4652 pag.
673 4603 804 4650 aaa-²³5·
822 4591 954 4651 259-264-

463 4677 508 4714 tt*
526 4679 616 4741 Opera
632 4675 821 4728 mathematica
838 4677 956 4746 (Lipsiae.
976 4678 1044 4742 1890)
1063 4693 1120 4744 pag·
1139 4692 1258 4744 ³79⁵<11¹=
