4386 5624
421 689 454 750 18
1023 704 1051 746 ι.
1074 701 1298 748 soncusruosn

419 907 783 983 MDCCCXXVIII
810 909 953 982 editum
980 920 1047 996 est,
1075 907 1324 1006 cognovisset,
1347 907 1558 1004 intelligere
1584 907 1708 1005 potuit
1737 905 1775 978 id
1807 907 1909 1002 quod

417 1040 655 1140 superficiem
681 1041 848 1140 undique
874 1041 1100 1115 uniformem
1130 1040 1396 1140 appellaverat,
1424 1041 1528 1115 cuius
1553 1051 1765 1140 parameter
1792 1063 1814 1112 r
1840 1051 1907 1127 est,

417 1175 507 1249 nihil
543 1177 642 1251 aliud
670 1200 751 1250 esse
778 1187 890 1272 atque
917 1172 1154 1272 superficiem
1182 1189 1427 1266 constantem,
1456 1201 1477 1249 a
1503 1175 1635 1249 Gauss
1666 1175 1908 1272 designatam,

418 1322 629 1384 curvaturae
651 1333 865 1384 mensuram
891 1285 1038 1424 0:7¹7
1064 1308 1278 1384 habentem.

492 1442 604 1518 Nunc
644 1455 769 1518 autem
804 1442 895 1516 nihil
930 1443 1028 1530 facit,
1056 1444 1127 1516 nisi
1153 1455 1347 1534 monstrat,
1379 1445 1417 1516 in
1451 1454 1654 1542 systemate
1682 1441 1774 1517 Set
1799 1441 1910 1540 plana

419 1589 457 1650 et
490 1576 610 1674 planis
637 1577 918 1674 aequidistantes
949 1575 1166 1675 superficies
1193 1575 1503 1676 (hypersphaeras)
1530 1591 1569 1650 et
1595 1577 1760 1676 sphaeras
1791 1576 1909 1674 (locos

417 1723 645 1808 punctorum
671 1734 747 1784 uno
773 1723 916 1808 puncto
947 1711 1277 1807 aequidistantium)
1316 1723 1354 1783 et
1388 1710 1645 1809 parasphaeras
1681 1709 1909 1809 (superficies

417 1843 460 1916 F
478 1843 725 1943 Appendicis)
754 1845 954 1942 categoriae
979 1841 1192 1941 superficiei
1210 1845 1375 1942 undique
1395 1844 1591 1918 uniformis
1610 1869 1691 1918 esse
1710 1857 1748 1917 et
1766 1843 1910 1918 dicit2⁴¹

422 1976 644 2075 «parametri
661 1975 943 2076 superficierum
963 1978 1231 2076 sphaericarum
1250 1979 1380 2068 reales,
1400 1979 1602 2078 parametri
1624 1975 1909 2076 superficierum

417 2110 529 2210 plano
556 2113 876 2209 aequidistantium
902 2111 1130 2208 imaginariae
1163 2113 1361 2202 evadunt»,
1394 2115 1537 2187 cuml‘⁴¹
1572 2114 1619 2186 ad
1653 2112 1910 2211 parasphaeras

416 2259 630 2345 parameter
655 2247 693 2318 in
719 2243 904 2319 infinitum
932 2259 1087 2319 crescat.

491 2378 588 2452 Cum
606 2404 697 2453 vero
716 2380 869 2476 quidem
887 2383 925 2453 in
940 2405 1041 2453 nono
1060 2379 1330 2478 Responsionis
1345 2379 1578 2478 paragrapho
1589 2381 1661 2434 *⁴¹⁴¹
1669 2377 1816 2477 planius
1835 2379 1909 2452 ela-

418 2513 552 2586 borato
570 2514 680 2602 dicat,
701 2513 938 2614 superficiem
952 2517 1118 2612 undique
1137 2513 1373 2605 uniformem,
1390 2515 1425 2588 ,Ρ
1443 2515 1630 2612 neglect0,
1646 2513 1767 2588 solum
1788 2513 1909 2611 sphae-

419 2646 545 2736 ricam,
565 2647 713 2745 planam
741 2659 803 2720 aut
829 2647 942 2745 plano
969 2648 1185 2746 parallelam
1213 2647 1276 2744 (sc.
1297 2649 1610 2746 aequidistantem)
1638 2673 1730 2738 esse,
1754 2673 1796 2721 re
1821 2673 1911 2722 vera

418 2781 510 2854 dicit
534 2805 677 2870 verum,
697 2783 874 2877 quoniam
900 2781 939 2854 in
965 2793 1167 2880 systemate
1196 2781 1232 2870 S,
1261 2783 1307 2856 ad
1335 2784 1437 2878 quod
1456 2783 1654 2879 quantitati
1679 2807 1700 2856 a
1725 2781 1869 2855 Bonum
1896 2785 1915 2856 i

419 2913 622 3012 designatae
654 2917 783 2988 nescio
809 2917 872 3012 qui
898 2928 1023 2990 certus
1048 2915 1154 2990 valor
1184 2929 1251 3006 est,
1281 2915 1451 3013 sphaerae,
1479 2915 1599 3014 plana,
1628 2915 1909 3014 hypersphaerae

419 3045 636 3147 superficies
671 3049 876 3124 constantis
911 3059 1120 3122 curvaturae
1156 3073 1342 3122 mensurae
1378 3063 1474 3139 sunt,
1501 3051 1600 3123 inter
1635 3075 1726 3147 quas
1761 3073 1912 3148 semper

419 3180 513 3254 tales
538 3183 788 3270 inveniuntur,
816 3207 974 3278 quamm
1001 3195 1211 3256 curvaturae
1242 3207 1417 3258 mensura
1451 3182 1606 3258 cuilibet
1640 3183 1811 3282 positivae
1847 3194 1911 3256 aut

418 3316 602 3412 negativae
629 3317 825 3412 quantitati
851 3315 1005 3412 aequalis
1031 3315 1089 3404 sit,
1118 3341 1204 3390 cum
1235 3316 1486 3416 parasphaerae
1517 3317 1590 3390 sint
1616 3315 1844 3416 superficies,
1872 3317 1909 3389 in

418 3448 553 3546 quibus
571 3461 780 3523 curvaturae
808 3447 1147 3546 mensura'ubique
1175 3450 1373 3540 evanescit,
1394 3463 1436 3524 ut
1453 3452 1491 3524 in
1510 3453 1563 3524 eis
1587 3450 1690 3550 plani
1716 3449 1911 3524 Eucuuur

417 3583 624 3679 geometria
640 3583 774 3671 valeat,
793 3583 831 3656 id
858 3586 960 3680 quod
986 3585 1128 3656 Bonn
1155 3585 1192 3656 in
1218 3583 1445 3683 Appendice
1472 3583 1517 3681 (§.
1536 3584 1608 3680 33.)
1627 3587 1699 3658 iarn
1718 3587 1910 3684 praecipue

419 3716 738 3792 commemoravit.

492 3849 536 3924 In
561 3850 630 3925 hac
656 3851 889 3950 paragrapho
915 3850 1067 3948 planum
1099 3851 1381 3926 consideramus
1406 3874 1483 3924 non
1510 3863 1652 3925 certam
1678 3849 1796 3927 veluti
1821 3875 1910 3951 geo-

418 3985 612 4058 metricam
638 3983 795 4082 figuram
822 3985 1019 4080 quandam,
1044 4009 1129 4081 quae
1156 3987 1343 4059 varietatis
1370 3983 1584 4058 Eucmnuae
1611 3997 1677 4074 est,
1701 3986 1768 4059 sed
1794 3988 1910 4059 modo

418 4128 601 4212 quatenus
640 4117 818 4192 elementi
856 4117 1004 4192 linearis
1039 4121 1279 4216 expressione
1314 4120 1442 4191 datum
1479 4131 1545 4191 est.
1586 4118 1672 4214 Qua
1708 4145 1749 4192 re
1788 4119 1911 4218 posita

416 4247 612 4324 theorema
648 4251 774 4324 valere
814 4263 972 4340 constat,
1009 4249 1175 4350 planum,
1203 4266 1245 4326 ut
1282 4251 1395 4351 paulo
1431 4265 1540 4326 antea
1574 4251 1806 4351 descriptum
1842 4265 1909 4342 est,

489 4505 505 4540 *
521 4505 538 4555 ¹·
555 4519 578 4556 e.
593 4519 653 4571 nas·
672 4507 725 4568 289-

475 4593 505 4628 ”¹
521 4593 538 4643 l.
556 4607 578 4644 c.
596 4607 654 4658 pag.
673 4608 727 4656 292.

458 4683 504 4717 Μ
521 4681 585 4732 ibid.
603 4687 667 4731 torn.
685 4683 785 4739 XVIII,
803 4697 861 4746 pag.
881 4685 934 4733 aas.
