4386 5624
504 695 548 739 DE
568 693 862 740 Aeentcfflottmus
883 693 1087 740 GEOMETRIAE
1107 693 1286 738 ABSOLUTAE
1306 693 1508 740 asnnrrtcrs.
1739 693 1755 755 5

260 901 361 1001 plani
387 899 649 974 translationes
675 902 714 974 in
739 925 779 974 se
805 903 928 998 ipsum
955 901 1175 1000 proiectivis
1201 900 1529 978 substitutionibus

260 1155 306 1254 (ι)
896 1107 1140 1310 effi}

259 1423 410 1497 unitatis
447 1421 761 1498 determinantem
796 1424 1021 1500 habentibus
1056 1428 1331 1524 exprimuntur,
1358 1452 1443 1524 quac
1478 1430 1755 1527 expressionem

860 1653 871 1702 1
886 1648 930 1706 -t-
942 1655 960 1704 c
971 1631 1029 1730 (ῤ’
1041 1649 1086 1707 -t-
1098 1627 1154 1730 q2)

260 1837 425 1936 positivo
451 1835 596 1910 factore
623 1849 784 1936 excepto
809 1838 848 1911 in
874 1860 913 1911 se
939 1839 1057 1937 ipsam
1084 1837 1361 1912 transformant.

332 1968 554 2044 Uniformes
587 1971 801 2048 functiones
834 1971 949 2070 ipsius
983 1999 1016 2068 η,
1044 1995 1129 2068 quae
1164 1973 1203 2044 in
1232 1969 1334 2070 plani
1363 1969 1568 2044 Bormani
1599 1969 1753 2044 transla-

257 2101 422 2177 tionibus
448 2103 672 2201 quibusdam
699 2129 776 2177 non
801 2117 1006 2195 mutantur,
1025 2117 1105 2178 tum
1123 2105 1312 2178 variabilis
1335 2104 1429 2200 peis
1445 2101 1635 2176 valoribus
1654 2102 1753 2194 solis,

258 2237 321 2334 qui
347 2238 590 2336 inaequationi

813 2323 1198 2434 1÷clp²÷q²l>o

258 2505 498 2596 satisfaciunt,
518 2503 684 2580 definitae
702 2507 858 2580 eosdem
875 2505 1023 2580 valores
1041 2519 1234 2580 assumunt
1253 2504 1587 2579 substitutionibus
1605 2503 1755 2603 quibus·

258 2640 355 2730 dam,
383 2663 468 2735 quae
496 2639 656 2714 formam
684 2637 731 2734 (1)
757 2638 908 2728 habent,
937 2639 984 2714 ad
1010 2667 1032 2736 η
1058 2638 1264 2739 applicatis.

329 2773 478 2848 Harum
504 2772 738 2846 functionum
767 2797 893 2847 casum
921 2772 1123 2872 specialem
1160 2773 1257 2871 (quae
1285 2771 1422 2848 dicitur
1447 2769 1591 2846 functio
1617 2770 1751 2844 modu·

256 2905 354 3002 laris)
372 2905 608 2982 functionum
627 2907 943 3004 biperiodicarum
961 2905 1108 2980 theoria
1125 2909 1205 3004 ipsa
1231 2905 1342 2980 offert
1352 2930 1361 2998 3
1388 2906 1571 3004 generalis
1593 2905 1751 2980 theoriae

260 3053 392 3114 auctor
425 3053 483 3114 est
517 3039 568 3112 ill.
604 3039 823 3128 Porsenna,
852 3039 916 3136 qui
941 3039 1007 3114 has
1033 3040 1247 3114 functiones
1272 3038 1513 3114 Fucusianas
1538 3039 1753 3138 appellavit,

257 3197 341 3272 quae
360 3173 509 3248 theoria
528 3174 575 3247 ab
595 3197 641 3247 eo
661 3175 872 3270 ceterisque
891 3173 1099 3272 aequalibus
1121 3173 1396 3248 mathematicis
1422 3174 1538 3270 magis
1565 3173 1756 3246 elaborata

256 3320 323 3381 est.
344 3307 422 3382 Cur
439 3307 651 3381 functiones
670 3305 903 3382 Fucusianae
922 3307 1017 3381 adeo
1035 3309 1199 3406 insignes
1217 3308 1327 3381 factae
1353 3309 1437 3398 sint,
1457 3331 1567 3381 causa
1594 3319 1651 3380 est
1677 3308 1756 3382 eius

255 3443 321 3532 rei,
349 3441 452 3538 quod
480 3465 566 3514 cum
593 3439 864 3539 analyticamm
890 3440 1168 3540 proprietatum
1206 3443 1316 3539 copia
1350 3442 1524 3516 iucundae
1552 3453 1648 3529 sunt,
1675 3453 1755 3514 tum

259 3575 360 3673 quod
389 3575 433 3648 ad
464 3574 716 3648 multiformes
741 3573 944 3648 relationes
970 3575 1150 3672 quasdam
1173 3576 1271 3648 inter
1289 3576 1381 3648 duas
1400 3573 1615 3673 complexas
1639 3573 1756 3648 varia·

259 3707 355 3782 biles
382 3709 664 3783 uniformandas
691 3709 870 3808 applicari
896 3722 1063 3808 possunt.
1083 3709 1171 3803 Quo
1198 3709 1313 3782 modo
1340 3709 1439 3782 enim
1458 3707 1662 3782 uniformes
1679 3707 1755 3781 loci

260 3841 476 3918 functiones
494 3844 532 3917 in
551 3841 749 3941 superficie
768 3841 1055 3931 anunuuiana‚
1075 3845 1105 3916 si
1131 3842 1351 3942 simpliciter
1374 3866 1542 3916 connexa
1562 3853 1629 3930 est,
1644 3840 1755 3915 ratio·

258 3976 373 4067 nates,
407 3977 436 4050 si
463 3975 662 4074 tripliciter
689 4000 868 4063 connexa,
888 3977 1093 4050 uniformes
1120 3988 1157 4050 et
1183 3975 1428 4074 biperiodicae
1451 3975 1638 4050 variabilis
1657 3977 1755 4050 auxi-

256 4110 373 4183 liariae
389 4109 602 4184 functiones
620 4120 950 4208 repraesentantur,
967 4109 1101 4182 eodem
1121 4110 1237 4182 modo
1256 4109 1286 4181 si
1305 4109 1528 4209 superficies
1545 4109 1754 4182 Rmuaurt·

256 4243 341 4316 iana
375 4242 681 4342 2p÷1-pliciter
715 4267 886 4316 connexa
921 4253 988 4330 est,
1024 4243 1089 4316 ubi
1114 4253 1230 4341 p>1
1262 4255 1331 4334 est,
1367 4244 1443 4318 loci
1471 4243 1683 4319 functiones
1716 4246 1754 4316 in

255 4377 325 4451 hac
352 4377 549 4478 superficie
575 4377 782 4452 uniformes
814 4375 845 4448 F
848 4378 1046 4450 ucusianae
1080 4374 1269 4449 variabilis
1305 4379 1505 4453 auxiliariae
1540 4377 1753 4452 functiones

257 4513 519 4610 repraesentari
545 4523 713 4609 possunt.

334 4643 480 4720 Eadem
501 4643 836 4744 repraesentatione
856 4641 1029 4733 efficitur,
1052 4655 1093 4716 ut
1119 4645 1158 4716 in
1182 4647 1451 4740 geometricam
1470 4643 1599 4718 talium
1618 4651 1754 4740 ap-t-r·
