4386 5624
487 696 529 742 ΒΕ
551 696 745 744 Madasuma
762 699 963 744 VARIETATUM
986 697 1208 744 COMPLURIUM
1231 700 1472 746 ntunustortutv.
1691 697 1723 760 71

235 917 447 978 mentorum
475 906 669 980 linearium
695 907 833 981 formas
855 907 1119 1004 generaliores,
1139 932 1297 1004 quarum
1321 931 1393 1004 ope
1420 906 1620 1004 integratio
1646 931 1727 982 var·

233 1036 424 1112 riabilibus
454 1043 633 1138 separatis
659 1039 757 1115 effici
792 1043 918 1140 possit,
955 1040 1177 1114 Lrouvrcns
1211 1038 1331 1136 (1849)
1367 1053 1405 1114 et
1440 1053 1572 1114 auctor
1607 1039 1727 1136 (1891)

233 1172 502 1246 indicaverunt.
539 1172 675 1272 Neque
711 1175 860 1248 silentio
898 1177 1187 1274 praetereundus
1220 1176 1368 1248 videtur
1407 1177 1463 1250 vir
1502 1175 1728 1249 clarissimus

233 1305 448 1396 Dsnnoux,
483 1307 547 1404 qui
586 1309 676 1404 1898
711 1308 749 1381 in
784 1311 903 1406 spatio
939 1309 1144 1384 Euccruao
1171 1309 1423 1408 complurium
1450 1311 1727 1384 dimensionum

232 1465 300 1538 pro
328 1440 596 1540 superficiebus
623 1443 779 1516 secundi
804 1444 944 1516 ordinis
971 1443 1238 1533 confocalibus,
1258 1468 1344 1542 quae
1364 1443 1602 1518 coordinatas
1623 1443 1728 1541 ellip-

233 1574 325 1647 ticas
350 1576 532 1672 praebent,
562 1577 726 1673 cyclides
754 1577 969 1651 confocales
996 1576 1177 1650 adhibuit.
1207 1577 1247 1649 A
1274 1577 1608 1674 disquisitionibus,
1636 1601 1729 1674 quas

234 1709 520 1782 Wnraasrasss
548 1707 666 1804 (1866)
687 1723 724 1783 et
742 1711 798 1782 vir
816 1709 1040 1784 clarissimus
1059 1711 1213 1784 Smuun
1232 1709 1352 1807 (1887)
1371 1711 1621 1800 instituerant,
1641 1735 1727 1809 pro-

233 1843 353 1916 fectus
380 1843 554 1940 equidem
591 1841 708 1938 (1891,
742 1843 844 1940 1900)
872 1843 1100 1941 investigavi,
1133 1845 1325 1942 quomodo
1362 1846 1399 1917 in
1435 1844 1552 1918 classe
1578 1844 1728 1944 proble-

234 1987 374 2050 matum
402 1977 686 2074 dynamicorum
714 2001 735 2049 a
762 2003 821 2050 me
848 2003 947 2051 anno
986 1979 1072 2072 1891
1104 1977 1258 2052 detecta
1283 1977 1481 2052 variabiles
1508 2004 1529 2051 a
1555 1992 1728 2076 tempore

234 2111 483 2208 dependeant.
516 2109 602 2204 Qua
630 2083 669 2184 in
699 2135 739 2184 re
770 2109 984 2184 functiones
1011 2111 1186 2208 quaedam
1214 2113 1464 2208 complurium
1495 2110 1729 2184 variabilium

232 2246 454 2318 exstiterunt
468 2245 724 2343 compluribus
739 2243 903 2342 periodis
917 2227 1094 2334 rrue'ntes,
1110 2269 1268 2341 quarum
1283 2245 1466 2319 theoriam
1481 2246 1661 2334 Auienus,
1673 2247 1730 2317 vir

233 2377 468 2468 clarissimus,
498 2375 616 2474 (1895)
642 2377 757 2452 fusius
785 2377 994 2476 explicavit.
1018 2377 1196 2474 Denique
1224 2377 1433 2466 annnvd,
1452 2381 1510 2451 vir
1528 2378 1729 2452 illustrissi-

233 2537 326 2600 mus,
355 2509 473 2608 (1894)
508 2511 742 2584 theoremata
776 2511 955 2585 nonnulla
989 2511 1178 2608 generalia
1205 2513 1411 2610 proposuit,
1440 2512 1575 2609 quibus
1603 2526 1729 2586 motus

231 2648 363 2743 puncti
389 2647 485 2718 intra
510 2646 730 2718 varietatem
758 2645 1010 2744 complurium
1037 2645 1315 2718 dimensionum
1354 2648 1522 2744 vagantis
1554 2661 1728 2720 accurate

233 2779 468 2852 describitur.
496 2778 635 2875 Magna
661 2779 770 2876 copia
797 2793 898 2852 extat
925 2779 1225 2876 disquisitionum
1253 2781 1299 2852 ad
1327 2781 1464 2853 formas
1491 2781 1728 2876 quadraticas

232 2911 497 2985 differentiales
540 2911 820 3008 pertinentium,
861 2937 953 3010 quas
991 2913 1237 3010 problematis
1277 2913 1484 3011 dynamicis
1523 2915 1728 2988 tractandis

231 3045 401 3120 adhiberi
433 3071 544 3144 posse
580 3061 753 3144 apparet;
789 3071 874 3144 quae
905 3059 1043 3136 tamen,
1072 3072 1158 3120 cum
1187 3071 1289 3120 mere
1316 3047 1513 3144 analyticae
1541 3049 1623 3135 sint,
1652 3045 1725 3119 hoc

232 3179 320 3252 loco
346 3181 684 3277 praetermittendae
711 3182 898 3253 videntur.

307 3311 387 3386 Iam
413 3337 505 3387 vero
532 3315 579 3386 de
606 3315 824 3388 mechanica
851 3326 1095 3412 systematum
1122 3314 1328 3412 rigidorum
1347 3315 1550 3388 dicendum
1569 3328 1635 3402 est,
1656 3340 1730 3412 qua

232 3446 271 3518 in
306 3471 346 3520 re
381 3446 543 3545 primum
578 3447 838 3522 cinematicam
874 3462 911 3522 et
942 3450 1123 3536 staticam,
1152 3448 1288 3521 deinde
1314 3448 1499 3522 theoriam
1525 3448 1728 3524 functionis

232 3579 459 3678 potentialis,
496 3581 656 3678 denique
697 3583 895 3656 cincticam
931 3581 1175 3656 tractabimus
1213 3594 1324 3679 atque
1359 3583 1420 3669 ita,
1449 3594 1489 3656 ut
1514 3606 1583 3680 per
1609 3595 1728 3656 totam

234 3712 330 3786 hanc
365 3715 589 3812 tripertitam
616 3715 865 3814 quaestionem
891 3717 1053 3813 primum
1089 3714 1208 3812 spatia
1242 3713 1447 3788 Euonrnaa
1477 3716 1728 3814 complurium

233 3847 523 3938 dimensionum,
547 3861 628 3922 tum
656 3850 773 3947 spatia
800 3848 987 3922 constanti
1014 3861 1223 3922 curvaturae
1251 3871 1425 3922 mensura
1450 3847 1613 3922 fruentia
1639 3873 1727 3923 con·

235 3981 456 4054 sideramus.

311 4114 544 4188 Cinematica
578 4115 785 4190 excolenda
820 4141 840 4188 a
873 4117 1081 4214 geometria
1116 4117 1163 4188 ad
1198 4116 1433 4213 dynamicam
1463 4117 1562 4190 viam
1598 4117 1727 4214 aperit.

233 4249 360 4342 Quam
388 4248 487 4320 enim
513 4259 593 4322 arte
621 4247 842 4322 cinematica
868 4272 955 4322 cum
989 4251 1198 4345 geometria
1233 4249 1433 4338 cohaereat,
1462 4273 1549 4340 cum
1576 4273 1621 4321 ex
1647 4247 1728 4322 aliis

233 4381 442 4455 rationibus
476 4395 557 4455 tum
591 4379 680 4454 inde
714 4384 965 4479 cognoscitur,
1002 4383 1103 4479 quod
1138 4381 1283 4456 theoria
1313 4382 1516 4455 Eucnrnaa
1545 4381 1728 4455 linearum

234 4538 434 4588 curvarum
470 4515 629 4613 duplicis
665 4527 874 4590 curvaturae
910 4513 1274 4612 contemplationum
1310 4515 1615 4590 cinematicarum
1655 4539 1728 4614 ope

234 4649 400 4722 dilucide
429 4647 645 4746 explicatur.
670 4649 793 4743 Quam
812 4649 909 4722 viam
929 4647 1071 4721 Horra
1091 4647 1221 4744 (1880),
1242 4647 1559 4743 Β11011111(1881),
1581 4647 1727 4721 Pmou-
