4386 5624
307 1749 527 1824 Acutissimi
544 1747 598 1822 illi
617 1749 885 1840 mathematici,
905 1751 1047 1826 Bonum
1065 1766 1175 1850 pater
1193 1768 1232 1827 et
1249 1751 1346 1828 filius
1365 1767 1403 1828 et
1422 1755 1721 1830 Lonssscnnss-

232 1903 304 1971 ιω,
331 1907 352 1956 a
379 1881 515 1980 quibus
533 1884 741 1980 geometria
758 1884 804 1956 ab
822 1885 1025 1959 undecimo
1044 1887 1228 1960 axiomate
1248 1887 1454 1962 Eucmnno
1476 1914 1555 1963 non
1581 1891 1722 1989 depen-

232 2016 327 2090 dens
353 2015 515 2090 stabilita
541 2030 607 2106 est,
637 2041 862 2115 quamquam
898 2042 953 2091 eae
988 2020 1163 2109 rationes,
1192 2045 1212 2094 a
1248 2022 1383 2117 quibus
1410 2025 1532 2096 exorsi
1558 2038 1655 2114 sunt,
1684 2039 1722 2100 et

231 2149 411 2238 methodi,
442 2149 576 2248 quibus
602 2149 816 2241 utebantur,
843 2154 1086 2250 geometricae
1122 2169 1239 2244 erant,
1271 2156 1492 2253 geometriae
1519 2171 1722 2256 systemate

232 2294 377 2356 mutato
404 2282 661 2358 mechanicam
688 2283 913 2384 analyticam
940 2311 1101 2383 quoque,
1130 2289 1218 2385 quin
1245 2291 1358 2362 etiam
1384 2301 1502 2362 totam
1529 2289 1722 2390 physicam

231 2413 535 2492 mathematicam
570 2419 678 2492 novis
712 2418 920 2493 rationibus
956 2421 1295 2494 accommodandas
1334 2445 1415 2495 esse
1459 2421 1531 2496 iam
1570 2448 1721 2522 perspe-

229 2563 378 2625 xerunt.

307 2684 654 2760 Lomsscnmsrn
673 2687 710 2758 in
726 2710 853 2784 opere,
870 2687 972 2783 quod
990 2687 1225 2762 inscribitur:
1249 2686 1546 2764 Geometriae
1572 2691 1725 2788 prima

233 2820 479 2893 elementa
504 2817 636 2917 (1829),
673 2844 759 2893 cum
797 2821 927 2918 paucis
962 2820 1153 2912 indicavit,
1189 2835 1369 2920 quantum
1400 2822 1608 2920 geometria
1633 2823 1723 2896 ima·

231 2955 375 3050 ginaria
409 2953 457 3026 ad
491 2951 747 3026 mechanicam
780 2953 1005 3052 analyticam
1040 2953 1174 3045 valeat,
1203 2967 1282 3028 tum
1311 2957 1558 3054 quaestionem
1593 2959 1722 3046 movit,

232 3097 360 3158 utrum
400 3109 446 3158 ex
483 3085 733 3185 parallaxibus
777 3085 969 3160 stellarum
1007 3085 1163 3162 fixarum
1205 3092 1350 3164 axioma
1388 3089 1633 3164 Eucmnnum
1677 3090 1724 3164 de

231 3217 341 3292 lineis
374 3217 561 3318 parallelis
595 3244 727 3294 verum
763 3245 845 3294 esse
879 3246 1000 3296 necne
1036 3223 1234 3296 diiudicari
1263 3226 1392 3322 possit,
1425 3239 1464 3297 et
1490 3239 1721 3298 astronomo-

231 3377 316 3427 rum
351 3377 554 3442 mensuras,
591 3366 775 3452 quatenus
811 3378 942 3428 eorum
977 3355 1261 3431 observationes
1297 3373 1484 3432 accuratae
1520 3381 1601 3430 esse
1636 3381 1721 3456 pos-

231 3497 327 3575 sent,
355 3510 376 3558 a
409 3487 617 3584 geometria
652 3485 856 3560 Eucmnua
888 3487 981 3561 nihil
1017 3489 1219 3564 abhorrere
1254 3489 1408 3564 invenit.
1441 3489 1576 3589 Nuper
1602 3490 1721 3588 (1900)

231 3619 576 3709 Scuwanzscurnn,
613 3621 668 3694 vir
704 3619 939 3710 clarissimus,
969 3621 1064 3697 hanc
1091 3647 1171 3696 rem
1199 3613 1502 3697 distributionem
1530 3623 1722 3698 stellarum

230 3752 388 3828 fixarum
414 3753 617 3852 respiciens
643 3756 784 3852 tetigit;
811 3754 912 3828 idem
948 3767 1183 3830 astronomos
1218 3781 1294 3830 non
1328 3755 1479 3846 habere,
1507 3758 1609 3855 quod
1635 3782 1723 3856 geo-

231 3889 379 3962 metriae
399 3887 623 3978 Eucmnuae,
643 3902 685 3962 ut
703 3913 789 3962 cum
803 3886 1105 3962 Scnwarxnn'ro
1120 3885 1239 3984 (1818)
1254 3890 1387 3981 dicam,
1403 3893 1723 3988 geometriam

232 4019 466 4095 astralem
494 4034 779 4121 anteponerent,
807 4023 1091 4096 demonstravit.

307 4153 404 4228 Item
422 4153 712 4230 Wonaoauous
736 4157 880 4230 Bonum
906 4157 1072 4230 rationes
1090 4159 1360 4233 astronomicas
1380 4157 1559 4246 adhibuit,
1580 4183 1666 4232 cum
1684 4159 1722 4232 in

231 4314 349 4388 opere
378 4289 643 4364 Generalis
671 4303 970 4390 conspectus
996 4293 1295 4390 geometriae,
1314 4317 1390 4389 quo
1415 4289 1723 4366 Tentaminis

228 4425 374 4521 primus
402 4437 527 4498 tomus
554 4422 673 4522 (1832)
699 4423 837 4514 finitur,
858 4424 957 4500 hunc
983 4427 1022 4499 in
1049 4427 1204 4499 modum
1223 4427 1335 4501 dicit:
1367 4425 1505 4500 «Aliud
1533 4440 1590 4500 est
1615 4429 1723 4500 sires

230 4581 309 4630 non
336 4582 358 4630 a
382 4559 499 4655 priori
525 4559 592 4631 sed
619 4558 744 4656 quoad
770 4559 912 4657 praxim
949 4559 1208 4634 consideretur
1235 4574 1283 4650 et,
1311 4585 1380 4658 pro
1407 4561 1495 4635 data
1521 4555 1578 4651 ab,
1607 4572 1722 4634 rectae

231 4708 288 4780 oc,
317 4692 439 4764 donec
468 4689 589 4766 adhuc
617 4704 720 4766 secet
745 4704 888 4768 rectam
919 4687 975 4782 bb,
1012 4693 1168 4792 angulus
1196 4718 1216 4766 a
1241 4693 1440 4793 posteriori
1467 4705 1722 4768 mensuretur:
