4386 5624
513 713 556 756 DE
576 713 868 759 APPLlCATlONIBUS
889 715 1091 760 GEOMETRIAE
1111 717 1290 761 assotum
1311 716 1509 764 ANALYTICIS·
1721 716 1758 778 23

268 945 340 992 e=
351 941 385 1011 0,
413 919 574 993 alterum
610 945 760 1019 semper
790 920 836 994 ad
863 929 893 1018 p
907 952 951 984 =
965 947 1020 1010 00,
1049 947 1073 1018 q
1086 953 1130 986 =
1144 949 1189 992 00
1224 925 1355 1022 vergit,
1387 937 1428 997 ut
1463 924 1623 998 alterum
1657 923 1758 998 reale

268 1079 347 1128 esse
375 1077 529 1128 necesse
556 1055 613 1142 sit,
641 1054 672 1126 si
697 1065 806 1135 c<0
831 1065 897 1143 est,
918 1067 981 1127 aut
1008 1079 1209 1130 commune
1236 1071 1418 1156 punctum
1447 1073 1649 1157 utrumque
1668 1061 1758 1134 ima·

267 1187 449 1285 ginarium
485 1212 566 1262 esse
602 1186 841 1284 (coordinatis
876 1186 929 1260 eis
963 1189 1281 1286 respondentibus
1300 1202 1386 1289 p,q
1412 1190 1502 1290 ipsis
1536 1193 1761 1290 imaginariis

267 1319 397 1418 factis),
421 1333 484 1395 aut
509 1324 548 1394 in
573 1334 755 1419 punctum
781 1323 820 1394 in
845 1319 1031 1395 infinitum
1056 1334 1246 1395 remotum
1274 1324 1487 1415 concidere,
1507 1339 1571 1400 aut
1597 1327 1760 1424 denique

270 1453 428 1528 alterum
455 1455 567 1542 reale,
596 1455 754 1528 alterum
780 1454 1038 1552 imaginarium
1065 1479 1146 1528 esse
1173 1469 1309 1554 potest.

341 1587 441 1662 Duae
460 1601 576 1662 rectae
595 1587 717 1676 lineae,
738 1613 823 1685 quae
846 1588 897 1662 ita
923 1613 962 1662 se
989 1603 1128 1678 secant,
1149 1601 1190 1664 ut
1208 1591 1384 1690 angulum
1412 1591 1556 1666 nullum
1584 1591 1759 1682 efficiant,

267 1721 522 1820 parallelae
550 1720 795 1820 appellantur.
823 1721 868 1794 In
900 1721 1013 1822 plano
1040 1722 1320 1798 Rmnmuiano
1345 1724 1536 1823 parallelae
1564 1751 1640 1800 non
1667 1730 1760 1800 exsi-

268 1867 380 1928 stunt.
408 1853 449 1929 Si
474 1873 571 1950 ego
596 1868 664 1942 est,
689 1879 890 1929 commune
910 1857 1066 1930 duarum
1086 1858 1349 1954 parallelarum
1371 1872 1559 1934 rectarum
1576 1874 1760 1959 punctum

267 2000 468 2085 utrumque
502 1990 541 2061 in
574 1987 760 2062 infinitum
790 2013 940 2087 semper
966 1991 1142 2078 concidit,
1171 2003 1282 2087 atque
1309 2016 1378 2090 per
1402 2005 1586 2091 punctum
1614 1993 1760 2091 quodli-

268 2122 333 2194 bet
361 2135 477 2196 rectae
509 2121 618 2196 lineae
650 2124 748 2196 datae
779 2123 818 2194 in
847 2121 960 2222 plano
991 2123 1198 2198 Eucmnno
1229 2150 1312 2214 una,
1339 2125 1378 2199 in
1403 2127 1518 2225 plano
1543 2127 1760 2201 BonrArano

269 2255 354 2327 duae
389 2253 578 2352 parallelae
615 2255 703 2329 duci
738 2269 905 2354 possunt.
940 2255 1041 2331 Duae
1077 2257 1280 2332 Bormani
1315 2259 1416 2356 plani
1446 2273 1574 2349 rectae,
1603 2285 1760 2359 quarum

269 2411 468 2462 commune
502 2402 685 2487 punctum
720 2401 922 2486 utrumque
957 2391 1216 2488 imaginarium
1243 2406 1309 2480 est,
1337 2395 1578 2468 nominantur
1604 2395 1760 2468 diver·

268 2533 450 2618 gentes

339 2655 405 2729 Ad
431 2655 692 2730 translationes
718 2656 801 2730 haec
827 2659 898 2730 tria
931 2657 1167 2732 theoremata
1200 2661 1362 2758 proponi
1395 2671 1563 2758 possunt.
1591 2658 1760 2732 Primum

266 2789 305 2862 iu
338 2789 451 2889 plano
487 2790 777 2865 anmnuurnuo
815 2790 944 2887 (c>0)
972 2816 1103 2865 omnes
1137 2791 1399 2866 translationes
1434 2793 1762 2867 substitutionibus

268 2922 443 3022 ellipticis

774 3022 1251 3155 fflmeffil-‘d-

784 3140 933 3236 Sr-lt
1125 3170 1246 3238 r-lt

268 3333 424 3432 exprimi
442 3348 609 3433 possunt,
630 3336 694 3409 ubi
711 3335 784 3409 fixa
801 3350 940 3436 puncta
957 3337 990 3426 l,
1007 3367 1041 3433 μ
1068 3337 1146 3436 poli
1172 3335 1303 3435 figurae
1330 3337 1368 3410 in
1393 3336 1581 3411 infinitum
1601 3349 1760 3412 remotae

268 3469 456 3567 coniugati
481 3482 577 3558 sunt,
604 3465 640 3546 θ
666 3469 822 3568 angulus
847 3470 957 3544 realis
984 3483 1051 3543 est.
1073 3469 1218 3545 Eadem
1241 3473 1434 3546 translatio
1460 3471 1551 3546 nihil
1578 3472 1678 3545 aliud
1705 3482 1762 3544 est

267 3603 336 3676 nisi
362 3605 510 3694 rotatio,
539 3628 624 3701 quae
651 3601 694 3677 fit
720 3604 842 3677 donec
869 3603 1025 3700 angulus
1052 3601 1089 3681 θ
1113 3605 1298 3678 formetur
1336 3609 1478 3680 circum
1517 3618 1657 3705 puncta
1689 3603 1762 3678 fixa

266 3735 299 3823 λ,
317 3764 359 3829 μ.
377 3735 531 3810 Deinde
550 3735 588 3808 in
605 3735 719 3834 plano
746 3735 953 3810 Eucnrnno
981 3737 1010 3835 (c
1023 3737 1114 3833 τεο)
1141 3739 1403 3814 translationes
1425 3752 1511 3812 sunt
1530 3739 1762 3812 substitutio-

268 3891 334 3940 nes
361 3867 537 3967 ellipticae
561 3882 624 3944 aut
649 3871 874 3969 parabolicae
902 3871 998 3945 hanc
1026 3872 1187 3946 formam
1214 3873 1419 3947 habentes:

268 4268 427 4344 alterum
449 4283 574 4344 autern
588 4283 771 4370 punctum
789 4270 905 4345 fixum
924 4297 1075 4370 semper
1092 4270 1129 4342 in
1148 4270 1294 4344 infinito
1308 4271 1420 4344 situm
1435 4283 1502 4344 est.
1518 4267 1760 4344 Substitutio·

267 4427 333 4478 nes
360 4403 538 4502 ellipticae
566 4405 729 4480 offerunt
754 4405 971 4493 rotationes,
1000 4429 1085 4502 quae
1112 4402 1207 4477 fiunt
1233 4405 1355 4478 donec
1382 4403 1539 4502 angulus
1563 4400 1599 4480 θ
1623 4401 1761 4476 forme-

267 4547 339 4624 tur,
356 4559 442 4611 cum
460 4537 688 4637 parabolicae
708 4535 866 4636 (0:0),
887 4562 971 4636 quae
991 4539 1167 4611 dicuntur
1183 4537 1446 4612 translationes
1464 4537 1652 4636 parallelae
1675 4561 1762 4636 pro·

268 4671 407 4746 ducant
417 4671 475 4768 (cf.
491 4671 842 4768 Introductionem).
858 4670 955 4746 Tum
969 4675 1007 4745 in
1021 4671 1133 4771 plano
1148 4673 1367 4745 Botrnrano
1382 4669 1411 4768 (c
1423 4685 1469 4752 <
1479 4669 1516 4765 ο)
1531 4670 1602 4744 hoc
1616 4673 1668 4744 ita
1686 4683 1760 4744 est:
