4386 5624
503 709 546 752 DE
569 707 762 752 buetrenton
780 705 982 750 VARIETATUM
1005 705 1223 750 COMPLURIUM
1246 704 1485 750 DlMENSIONUM.
1702 687 1738 760 67

255 913 412 988 multum
439 915 540 1002 afuit,
568 916 658 1010 quin
684 912 906 986 Lrouvnm
933 909 1174 1008 (1850,1856)
1203 925 1241 984 et
1268 911 1449 984 annvo
1477 908 1595 1006 (1864)
1615 934 1740 1008 aequa·

255 1047 375 1122 tiones
401 1047 718 1122 Lucxuvouanas
745 1045 855 1120 simili
881 1047 997 1120 modo
1023 1047 1371 1144 interpretarentur.

326 1179 533 1277 Postquam
560 1181 768 1254 Bummm
797 1178 915 1276 (1869)
941 1181 1175 1268 varietatum,
1203 1201 1289 1274 quae
1317 1178 1572 1276 compluribus
1598 1180 1739 1252 dimen-

255 1314 420 1388 sionibus
439 1313 621 1402 fruuntur,
642 1313 758 1388 lineas
777 1312 1004 1412 geodaeticas
1023 1310 1133 1386 simili
1151 1314 1295 1386 ratione
1313 1313 1471 1386 inveniri
1488 1335 1599 1410 posse
1617 1324 1742 1386 osten-

255 1449 319 1535 dit,
339 1473 414 1546 qua
438 1449 476 1520 in
502 1449 737 1522 inveniendis
756 1449 862 1522 lineis
889 1447 1110 1546 geodaeticis
1136 1444 1418 1544 superficierum
1438 1469 1636 1520 curvarum
1654 1469 1742 1544 geo-

254 1596 386 1656 metrae
422 1584 477 1656 usi
513 1597 629 1672 erant,
659 1583 876 1670 Lrvscfflrz,
912 1582 968 1654 vir
1003 1581 1248 1670 acutissimus,
1282 1605 1380 1654 anno
1412 1581 1513 1672 1872,
1550 1581 1742 1677 quomodo

254 1741 324 1814 pro
363 1727 468 1789 motu
507 1717 719 1815 systematis
753 1713 847 1788 finiti
874 1715 1091 1788 libertatum
1118 1715 1254 1813 gradus
1290 1716 1475 1812 compotis
1514 1713 1743 1787 considerari

254 1863 381 1946 posset
406 1863 531 1923 motus
562 1851 712 1948 «puncti
737 1851 1078 1948 repraesentantis»,
1098 1850 1201 1947 quod
1218 1849 1461 1948 operantibus
1486 1848 1637 1938 viribuS,
1657 1871 1742 1945 quae

255 1983 391 2057 laboris
425 1983 594 2056 virtualis
629 1985 868 2082 expressione
908 1985 1160 2072 continentur,
1195 1996 1441 2081 promovetur
1481 1981 1519 2055 in
1560 1983 1741 2056 varietate

256 2117 504 2216 complurium
539 2117 815 2191 dimensionum
855 2119 1104 2192 determinata
1137 2120 1224 2191 viris
1258 2119 1355 2190 vivae
1395 2117 1645 2216 expressione,
1681 2142 1742 2190 ex·

255 2250 390 2348 posuit.
417 2249 720 2346 Disquisitiones
740 2275 831 2348 quas
859 2249 1064 2324 Baream
1084 2251 1347 2325 etL1Pscu1rz
1368 2251 1616 2338 instituerant,
1637 2273 1657 2322 a
1676 2274 1741 2322 no-

254 2385 309 2458 vis
334 2385 540 2459 rationibus
570 2387 762 2483 protectus
789 2398 828 2458 et
854 2384 1001 2458 diversa
1036 2385 1176 2458 addens
1211 2381 1427 2470 Dnneoux,
1457 2385 1513 2455 vir
1542 2383 1741 2456 illustrissi-

256 2543 348 2606 mus,
377 2543 475 2592 anno
506 2519 596 2614 1889
624 2519 749 2592 denuo
776 2519 985 2616 explicavit.

328 2649 566 2750 Quamquam
593 2677 704 2749 quam
739 2653 871 2728 fertilis
907 2667 1005 2726 esset
1039 2652 1121 2726 haec
1149 2652 1359 2742 methodus,
1387 2652 1641 2726 mathematici
1667 2675 1743 2724 non

255 2784 478 2882 ignorabant
498 2829 542 2836 —
562 2786 600 2858 id
619 2786 721 2882 quod
738 2787 930 2884 praecipue
948 2789 986 2859 in
1004 2787 1282 2885 problematum
1302 2788 1586 2884 dynamicorum
1610 2787 1743 2882 «aequi-

256 2918 418 2990 valentia
445 2918 649 3016 analytica·
680 2920 920 3017 disquirenda
946 2933 984 2993 et
1010 2921 1048 2992 in
1074 2919 1217 2994 theoria
1240 2943 1487 3018 «grupparum
1506 2917 1743 2991 transforma·

256 3053 435 3142 tionum»,
465 3055 567 3126 cuius
605 3068 736 3127 auctor
770 3067 827 3128 est
860 3053 1018 3128 Soanos
1049 3053 1132 3144 Lus,
1167 3055 1215 3130 ad
1250 3053 1506 3127 mechanicam
1534 3051 1745 3126 abhibenda

258 3201 422 3285 apparet,
452 3190 552 3284 quod
581 3200 767 3261 testantur
793 3186 1070 3283 disquisitiones
1096 3213 1117 3260 a
1143 3191 1224 3262 viro
1251 3187 1455 3262 clarissimo
1482 3186 1690 3259 Pxnvaavri
1709 3199 1747 3258 et

258 3343 365 3392 ame
392 3321 473 3416 ipso
501 3317 767 3416 (1891—1897)
802 3320 984 3394 institutae
1012 3365 1058 3372 —
1085 3323 1144 3394 hae
1179 3325 1343 3394 rationes
1378 3335 1503 3394 tamen
1530 3346 1551 3394 a
1576 3322 1745 3418 plurimis

257 3457 460 3552 geometris
487 3479 562 3527 non
581 3457 683 3553 prius
702 3469 871 3553 acceptae
891 3471 988 3544 sunt,
1008 3483 1120 3554 quam
1148 3457 1289 3528 Hanrz
1315 3479 1430 3553 opere
1458 3455 1743 3552 Principien

257 3589 341 3661 der
367 3587 625 3662 Mechanik
653 3587 771 3686 (1894)
799 3589 934 3678 effecit,
963 3605 1004 3664 ut
1029 3591 1203 3665 victrices
1230 3591 1445 3664 evaderent.

330 3720 547 3817 Unicuique
591 3725 803 3820 systematis
846 3723 1133 3822 configurationi
1175 3738 1358 3824 punctum
1402 3724 1591 3796 varietatis
1633 3746 1746 3820 supra

259 3869 568 3928 commemoratae
603 3857 820 3954 respondet.
861 3857 1066 3951 Quomodo
1105 3869 1229 3930 autem
1269 3871 1443 3954 systema,
1484 3858 1515 3929 si
1548 3855 1617 3928 hac
1657 3880 1745 3928 con·

256 3986 479 4087 figuratione
507 3991 729 4088 dispositum
757 4004 824 4078 est,
853 4015 892 4063 se
918 3989 1055 4064 habeat
1082 3991 1311 4064 describenti
1337 3989 1568 4078 velocitates,
1589 4013 1745 4086 quarum

258 4124 336 4196 eius
363 4135 488 4221 partes
517 4139 712 4221 compotes
739 4139 835 4212 sunt,
864 4127 1012 4198 novisse
1039 4150 1193 4200 necesse
1229 4139 1286 4198 est
1295 4149 1304 4217 ;
1340 4149 1452 4222 quam
1479 4125 1630 4196 adrem
1660 4147 1745 4220 cog-

259 4258 490 4330 noscendam
521 4257 753 4331 variabilium
788 4259 1122 4356 independentium
1158 4257 1418 4333 differentialia
1444 4271 1615 4356 tempore
1642 4255 1746 4328 diffe-

257 4389 404 4463 rentiali
445 4389 579 4464 effecta
618 4393 694 4465 sive
734 4391 945 4465 velocitatis
985 4394 1220 4466 coordinatas
1254 4395 1438 4466 invenisse
1474 4407 1530 4466 sat
1565 4405 1632 4464 est.
1668 4389 1744 4462 Sed

258 4525 499 4598 commodum
528 4537 584 4597 est
608 4547 678 4623 pro
706 4524 761 4596 his
787 4525 998 4599 velocitatis
1026 4529 1253 4601 coordinatis
1275 4526 1422 4600 valores
1441 4527 1634 4600 linearium
1653 4549 1743 4621 quo·

259 4657 416 4732 tundam
453 4671 736 4758 aggregatorum
772 4659 938 4745 indicari,
975 4685 1059 4758 quae
1097 4687 1142 4734 ex
1177 4661 1493 4736 differentiatione
1527 4660 1614 4732 viris
1649 4660 1744 4731 vivae

1608 4827 1638 4892 9*
