4386 5624
807 1361 1229 1450 INTRODUCTIO.

346 1728 387 1802 Si
412 1729 674 1829 independens
699 1729 886 1804 variabilis

848 1937 1054 2026 ῬΜ
1070 1911 1181 2012 ts:I

273 2131 467 2206 uniformis
500 2131 704 2204 functionis
739 2130 944 2229 periodicae
979 2129 1143 2228 x=s(p)
1178 2129 1281 2228 plani
1319 2130 1514 2204 Eucmusr
1542 2139 1583 2206 Σ
1598 2133 1759 2231 punctis,

274 2277 315 2338 ut
340 2289 428 2339 usus
455 2276 759 2363 repraesentatur,
786 2263 956 2338 variabili
990 2293 1012 2361 η
1046 2263 1205 2363 periodo
1231 2293 1260 2338 ω
1287 2275 1399 2336 aucto
1418 2236 1420 2240 ⁵
1437 2261 1539 2361 plani
1573 2265 1766 2339 translatio

273 2397 450 2498 parallela
475 2399 514 2470 in
540 2422 580 2470 se
606 2397 729 2497 ipsum
763 2399 980 2496 respondet.
1016 2395 1049 2470 F
1051 2397 1237 2472 unctionis
1258 2395 1344 2494 flp)
1379 2397 1619 2496 periodicitas
1653 2399 1768 2498 igitur

273 2534 501 2630 geometrice
529 2532 580 2604 ita
607 2531 771 2605 describi
796 2543 933 2630 potest,
954 2543 996 2603 ut
1017 2529 1113 2604 hanc
1139 2530 1371 2604 functionem
1398 2533 1436 2604 in
1461 2532 1766 2606 translationibus

274 2665 497 2764 quibusdam
524 2663 711 2764 parallelis
738 2663 840 2764 plani
866 2663 1060 2738 Eucmorr
1087 2688 1164 2737 non
1191 2667 1327 2738 mutari
1353 2663 1532 2738 dicamus.

347 2797 505 2872 Constat
534 2797 851 2896 generalissimam
876 2797 979 2896 plani
1005 2795 1201 2872 Eucnrnul
1228 2799 1510 2873 translationem
1537 2798 1698 2873 formula

839 2987 1193 3099 r=ert⁷1u÷o

275 3197 441 3296 exprimi,
468 3201 507 3270 in
533 3221 607 3295 qua
634 3197 846 3295 aequatione
871 3195 908 3275 θ
933 3199 1110 3297 angulum
1129 3199 1281 3289 realem,
1309 3229 1339 3274 ω
1365 3212 1490 3273 autern
1517 3202 1764 3296 quantitatem

275 3331 483 3427 quamlibet
509 3332 689 3428 designat,
718 3355 803 3430 quae
830 3357 875 3406 ex
901 3332 1144 3406 translatione
1181 3331 1360 3430 parallela
1385 3351 1503 3429 p-t-or
1531 3344 1568 3406 et
1595 3357 1640 3406 ex
1665 3346 1763 3407 rota·

274 3463 386 3554 tione,
415 3489 500 3562 quae
526 3463 568 3539 fit
596 3466 718 3540 donec
747 3465 903 3562 angulus
928 3461 964 3543 θ
988 3465 1182 3557 formetur,
1204 3465 1381 3564 componi
1398 3479 1534 3565 potest.
1558 3465 1646 3560 Quo
1664 3467 1764 3540 facto

274 3598 478 3672 uniformes
507 3599 730 3689 functiones,
759 3622 844 3695 quae
877 3601 918 3672 in
952 3599 1053 3698 plani
1080 3606 1120 3672 Σ
1138 3599 1442 3673 translationibus
1470 3600 1692 3698 quibusdam
1719 3625 1765 3673 ex

274 3731 577 3807 translationibus
610 3731 800 3831 parallelis
838 3745 877 3806 et
910 3732 1160 3807 rotationibus
1195 3733 1413 3832 compositis
1451 3758 1528 3806 non
1561 3747 1763 3824 mutentur,

275 3864 425 3939 efficere
452 3863 605 3938 minime
633 3864 785 3940 difficile
813 3869 894 3940 erit.
922 3867 1020 3962 Quae
1043 3865 1256 3940 functiones
1274 3890 1351 3939 non
1369 3865 1490 3940 solum
1508 3866 1765 3941 functionibus

275 3999 514 4099 biperiodicis
540 3998 715 4073 adhibitis
747 4011 999 4090 exstruuntur,
1026 4001 1093 4074 sed
1120 4002 1232 4075 etiam
1259 4002 1334 4074 dici
1359 4012 1497 4100 potest,
1524 4001 1765 4074 uniformium

276 4133 483 4231 complexae
501 4131 690 4206 variabilis
706 4133 953 4222 functionum,
974 4157 1059 4230 quae
1077 4133 1171 4207 tales
1198 4147 1294 4223 sunt,
1313 4144 1355 4207 ut
1380 4135 1418 4206 in
1444 4133 1545 4232 plani
1571 4131 1765 4206 Eucmnm

275 4266 580 4342 translationibus
619 4267 842 4366 quibusdam
880 4291 957 4340 uon
999 4279 1203 4358 mutentur,
1248 4267 1406 4342 classem
1449 4267 1765 4366 biperiodicarum

276 4401 509 4477 functionum
537 4402 654 4476 classe
681 4403 720 4475 in
746 4424 891 4474 summa
917 4400 1111 4474 exhauriri.

349 4536 394 4611 In
432 4535 682 4611 uniformibus
718 4533 927 4633 complexae
969 4533 1158 4608 variabilis
1202 4534 1255 4609 eis
1297 4535 1551 4610 functionibus
1593 4557 1764 4632 quaeren·

280 4670 342 4759 dis,
371 4693 456 4769 quae
497 4668 737 4743 antieuclidei
775 4667 877 4768 plani
916 4668 1222 4742 translationibus
1248 4670 1415 4744 eiusdem
1442 4667 1628 4742 momenti
1652 4681 1764 4766 atque

1628 4843 1658 4894 χὴ
