4386 5624
519 707 561 750 DE
583 708 877 755 APPLICATIONIBUS
898 709 1101 756 onomata
1121 711 1299 756 assotum
1319 711 1521 759 mnuvrlcts.
1741 716 1772 760 11

956 915 1015 1006 C„
1034 916 1095 1000 Da

1004 1051 1036 1142 la

287 1193 442 1254 constat.
458 1180 498 1254 si
513 1180 650 1256 lineam
666 1183 717 1256 ita
730 1182 995 1282 percurrimus,
1007 1196 1048 1257 ut
1061 1184 1279 1283 superficies
1289 1172 1346 1279 F,
1353 1227 1373 1286 p
1389 1212 1410 1261 a
1424 1189 1554 1260 dextra
1570 1211 1683 1260 manu
1697 1211 1774 1260 ma-

286 1327 381 1404 neat,
409 1317 490 1414 n'pa
510 1315 625 1412 ipsius
645 1317 677 1407 l,
695 1319 815 1414 prima
831 1330 933 1392 tacta
951 1321 1123 1416 negativa
1142 1317 1224 1414 (lsi,
1244 1319 1361 1394 altera
1377 1320 1537 1418 positiva
1563 1307 1634 1415 (Ιῖ)
1660 1315 1773 1392 velim

285 1449 510 1523 nominetur.
538 1449 745 1544 Quomodo
773 1451 982 1525 sectionum
1009 1450 1068 1542 C„
1099 1451 1159 1534 D,
1184 1455 1276 1551 ripae
1300 1453 1553 1549 designentur,
1584 1475 1773 1549 quemque

286 1583 455 1656 ordinem
484 1595 683 1671 assumant,
703 1585 755 1658 ita
772 1585 886 1658 velim
906 1585 1189 1676 determinetur,
1208 1597 1250 1658 ut
1271 1588 1481 1661 sectionum
1507 1587 1599 1684 ripae
1626 1588 1664 1659 in
1690 1610 1774 1684 per·

286 1717 468 1790 currenda
494 1716 592 1790 linea
618 1715 773 1790 finiente
801 1716 1014 1816 superficiei
1036 1704 1121 1818 Ep
1152 1719 1190 1790 in
1215 1718 1414 1816 positivam
1445 1717 1692 1793 directionem
1723 1717 1773 1816 (id

286 1863 342 1922 est
367 1851 429 1938 ita,
457 1863 498 1924 ut
525 1849 743 1948 superficies
770 1877 791 1926 a
817 1853 964 1926 sinistra
989 1851 1150 1946 maneat)
1176 1852 1247 1925 hac
1273 1850 1368 1925 serie
1395 1865 1541 1926 servata

387 2043 1672 2158 1;.1‚t‡-1‚...,a,a,c1*‚u:,cs,o;,...,canaam,

283 2251 537 2323 traiciantur*

356 2383 443 2477 Quo
470 2385 573 2458 facto
599 2385 821 2484 simpliciter
848 2409 1058 2460 connexam
1085 2390 1162 2461 sive
1189 2387 1323 2486 planae,
1344 2391 1420 2462 sive
1439 2412 1564 2462 curvae
1582 2390 1773 2462 varietatis

285 2529 442 2614 partem,
462 2519 500 2591 iu
518 2543 590 2615 qua
609 2521 655 2593 sit
673 2519 904 2620 polygonum
935 2527 1016 2620 Q
1040 2519 1260 2620 simpliciter
1286 2545 1496 2595 connexum
1521 2519 1772 2620 4p÷2(r-1)

286 2647 403 2722 latera
428 2650 582 2742 habens,
609 2651 794 2750 fingimus.
824 2653 922 2728 Haec
946 2654 1072 2744 latera,
1098 2656 1266 2752 quamvis
1292 2656 1481 2747 continua,
1507 2669 1634 2730 tamen
1661 2656 1771 2731 lineae
1888 2731 1891 2746 ,

286 2781 468 2882 quaelibet
494 2785 578 2859 sint.
607 2785 663 2860 Ea
690 2801 840 2886 puncta,
868 2788 932 2860 ubi
960 2789 1044 2862 duae
1080 2787 1308 2888 excipientes
1343 2789 1452 2863 lineae
1483 2787 1678 2879 collidunt,
1705 2815 1771 2888 po·
1836 2877 1838 2888 .

284 2915 412 3014 lygoni
451 2918 638 3016 angulos
677 2919 856 2996 efficiunt.
900 2923 965 2995 Ab
1008 2923 1145 3019 angulo
1184 2923 1316 3020 quovis
1353 2925 1575 3022 incipientes
1613 2925 1773 3022 positiva

285 3052 496 3125 directione
533 3065 678 3127 servata
704 3056 819 3153 ipsius
848 3062 930 3155 ‘Dap
954 3055 1214 3130 limitationem
1241 3060 1494 3154 percurrimus
1521 3070 1559 3131 et
1584 3057 1701 3131 latera
1726 3081 1773 3130 ex

282 3185 414 3259 ordine
441 3186 680 3284 designamus
706 3189 777 3261 sic:

436 3381 736 3475 S{.,›S,*.1>···2
756 3367 1617 3495 ⁸13Sir71⁴2‘llryfv‘liv-oyi‘rtllrypssrtlp·

356 3586 504 3681 Quibus
522 3587 703 3662 lateribus
723 3591 918 3662 continuas
936 3588 1099 3686 singulas
1118 3589 1337 3687 simpliciter
1356 3615 1536 3666 connexae
1561 3590 1772 3691 superficiei

279 3704 366 3818 Ep
398 3719 630 3793 limitationis
664 3733 790 3819 partes
824 3723 877 3796 ita
911 3722 1150 3820 assignamus,
1186 3737 1228 3796 ut
1258 3725 1435 3798 sectionis
1469 3726 1502 3817 l,
1526 3729 1618 3825 ripae
1646 3727 1704 3818 l„
1724 3715 1767 3818 ly*

281 3851 463 3926 lateribus
488 3873 546 3962 sp,
565 3860 624 3962 ss,
652 3854 829 3928 sectionis
863 3854 907 3938 C,
931 3857 1023 3954 ripae
1050 3857 1119 3958 (Ῑῖ,
1138 3856 1195 3959 Ch·
1223 3857 1401 3932 lateribus
1427 3865 1487 3960 72,
1506 3877 1567 3960 yg,
1595 3859 1771 3932 sectionis

280 3985 341 4069 D,
365 3989 458 4086 ripae
485 3975 566 4075 Di,
585 3985 654 4070 DJ
684 3987 865 4061 lateribus
891 3977 950 4080 di,
970 3980 1018 4072 di
1045 3993 1310 4088 respondeant.
1338 3992 1424 4086 Qua
1453 4017 1565 4066 exre
1592 3995 1770 4089 sequitur,

278 4131 322 4192 ut
335 4118 553 4218 superficies
568 4105 625 4210 F}
633 4161 653 4220 p
673 4119 866 4220 polygono
883 4128 964 4222 (Q,
988 4121 1301 4225 homoeomorpha
1321 4129 1377 4200 sit.
1392 4125 1483 4200 Duo
1496 4127 1676 4227 polygoni
1689 4133 1769 4227 (bg,

280 4253 399 4325 latera
426 4277 508 4326 esse
535 4255 782 4352 coniugata,
805 4257 836 4329 si
862 4258 971 4330 unius
990 4256 1232 4356 eiusdemque
1251 4262 1427 4334 sectionis
1444 4261 1559 4359 ipsius
1577 4261 1661 4360 ng
1676 4263 1770 4361 ripae

280 4387 443 4484 utrique,
466 4386 649 4486 polygoni
679 4389 902 4486 angulorum
923 4403 1050 4464 autem
1074 4404 1275 4491 systemate
1298 4395 1472 4492 cyclum
1493 4393 1586 4485 fieri,
1605 4394 1635 4469 si
1653 4395 1766 4493 ipsius

350 4678 365 4712 *
383 4677 425 4728 cf.
445 4679 547 4737 Reum,
567 4679 795 4732 Mathematische
811 4681 940 4738 Annales,
959 4689 1022 4732 tom.
1040 4682 1112 4734 xx1.
1129 4698 1188 4747 pag.
1208 4685 1259 4746 183.
1276 4698 1333 4750 squ.
