4386 5624
503 716 547 761 DE
567 717 859 763 aeruca'rronmus
881 717 1085 764 deoramus
1105 719 1287 765 assotum
1307 719 1508 766 anastrtcrs.
1716 719 1753 781 27

264 923 355 998 libet
380 922 574 1021 fingamus,
602 947 688 997 cum
715 923 813 998 linea
843 923 977 998 finiens
1011 926 1155 1020 quaevis
1190 923 1281 998 nihil
1311 924 1382 997 nisi
1407 939 1528 1000 trema
1555 927 1754 1024 cogitanda

265 1056 320 1130 sit.
348 1054 561 1130 Numerum
588 1057 796 1154 quemlibet
820 1081 901 1132 esse
921 1057 1032 1132 etiam
1050 1057 1164 1131 velim
1183 1058 1220 1132 in
1239 1058 1483 1156 sequentibus
1501 1083 1652 1157 semper
1669 1085 1754 1159 sup·

263 1201 434 1288 ponatur,
454 1191 505 1264 ita
530 1204 573 1264 ut
598 1215 689 1288 ergo
714 1190 798 1291 Rp
824 1217 870 1265 ex
896 1191 1199 1291 ap÷1-pliciter
1226 1215 1395 1265 connexa
1421 1189 1460 1264 in
1486 1215 1526 1265 se
1552 1195 1670 1291 ipsam
1696 1217 1753 1266 re-

265 1325 402 1397 deunte
420 1325 600 1396 varietate
618 1321 674 1422 F,
696 1348 741 1398 ea
758 1347 799 1396 re
817 1324 988 1423 prodeat,
1008 1325 1111 1422 quod
1128 1323 1183 1424 F,
1201 1325 1239 1396 in
1259 1349 1282 1396 r
1298 1325 1449 1422 punctis
1466 1350 1523 1414 a„
1540 1381 1605 1414 ...,
1621 1353 1663 1410 a,
1681 1341 1754 1399 tre·

265 1457 426 1531 metibus
453 1455 624 1530 afficitur.
652 1455 695 1529 In
722 1457 904 1532 varietate
930 1457 985 1556 F,
1010 1459 1049 1531 in
1074 1481 1114 1530 se
1140 1459 1258 1555 ipsam
1286 1459 1470 1531 redeunte
1498 1481 1649 1556 semper
1674 1483 1753 1531 mo·

262 1614 450 1688 nogeneas
471 1588 677 1664 uniformes
695 1590 771 1664 loci
788 1591 1002 1665 functiones
1020 1591 1200 1664 exsistere
1218 1603 1350 1664 notum
1369 1605 1436 1680 est,
1457 1615 1541 1688 quae
1560 1593 1754 1668 varietatis

263 1725 317 1824 F,
352 1723 444 1796 nulli
479 1736 621 1821 puncto
655 1725 989 1798 indeterminatae*
1015 1723 1120 1814 fiunt,
1149 1749 1309 1823 quaeque
1345 1749 1472 1799 earum
1509 1725 1653 1801 duabus
1677 1755 1712 1818 z,
1741 1737 1759 1802 t

263 1856 435 1930 rationali
474 1858 589 1930 modo
628 1857 786 1955 exprimi
823 1871 991 1957 possunt,
1033 1883 1118 1932 cum
1158 1859 1255 1932 inter
1292 1885 1326 1952 z,
1355 1868 1373 1934 t
1407 1860 1505 1958 ipsas
1544 1859 1755 1958 algebraica

264 1992 426 2089 aequatio
452 1990 496 2064 F
499 1995 545 2086 (z,
560 1992 680 2088 tl=o
705 2016 844 2089 genere
862 2001 893 2091 p
921 1995 978 2065 sit.
1006 1991 1166 2080 Relatio,
1188 2017 1272 2090 quae
1294 1993 1392 2067 inter
1410 1993 1627 2093 complexos
1645 1995 1754 2070 binos

263 2123 410 2198 valeres
437 2123 483 2222 (z,
499 2123 524 2220 t)
552 2127 765 2222 aequatione
793 2125 836 2198 F
839 2125 884 2222 (a,
899 2125 925 2220 t)
937 2157 981 2190 =
992 2148 1017 2199 0
1043 2127 1265 2200 coniunctos
1284 2139 1322 2198 et
1338 2125 1528 2201 varietatis
1545 2127 1599 2227 F,
1616 2144 1756 2228 puncta

264 2271 330 2348 est,
349 2257 452 2332 nulla
470 2261 693 2358 exceptione
722 2274 850 2332 mutua
876 2261 1020 2333 ratione
1047 2259 1243 2332 uniformis
1269 2273 1336 2347 est,
1360 2271 1402 2333 ut
1427 2259 1539 2357 igitur
1563 2263 1755 2336 varietatis

263 2392 317 2490 F,
338 2407 489 2491 puncta,
508 2392 605 2466 binis
632 2393 838 2491 complexis
864 2403 910 2490 (a,
927 2391 953 2479 tl
978 2391 1168 2467 valoribus
1187 2393 1239 2466 eis
1258 2393 1574 2492 respondentibus
1592 2395 1756 2468 describi

264 2527 418 2624 possint.
451 2525 492 2602 Si
516 2544 724 2604 z=u÷v
740 2511 849 2613 ιῘῖῐ
878 2527 1064 2624 ponimus,
1092 2552 1171 2614 u,v
1200 2539 1284 2600 sunt
1306 2539 1347 2600 ut
1372 2529 1411 2601 in
1437 2525 1505 2627 F„
1534 2529 1583 2602 ita
1609 2527 1647 2602 in
1672 2527 1756 2628 Εὐ,

265 2659 496 2733 coordinatae
524 2661 674 2756 quaesiti
700 2661 858 2756 generis.

337 2795 425 2889 Quo
452 2794 554 2867 facto
581 2797 610 2866 si
635 2793 738 2892 plani
763 2793 808 2868 P
828 2794 1058 2868 elementum
1081 2794 1220 2868 lineare
1239 2797 1286 2868 ds
1303 2797 1340 2868 in
1359 2796 1518 2868 formam
1538 2797 1756 2870 canonicam

264 2927 346 3023 (ΙΙ),
386 2926 455 3000 Nr.
484 2925 534 3000 ΙΙ.
562 2951 713 3002 versum
742 2952 822 3000 esse
852 2925 1038 3024 fingimus,
1067 2929 1137 3001 erit
1166 2914 1497 3026 p=p÷qtsTr
1521 2953 1756 3026 monogenea

263 3061 377 3159 ipsius
402 3085 427 3134 z
438 3091 483 3124 =
494 3085 519 3134 u
532 3077 577 3138 ÷
592 3087 615 3134 v
632 3047 742 3148 ts-Tr
760 3063 915 3150 functi0,
932 3085 1017 3159 quae
1034 3061 1182 3134 linearis
1197 3060 1682 3137 differendo-differentialis
1700 3061 1756 3159 (6),

265 3194 333 3268 Nr.
362 3191 412 3266 ΙΙ.
441 3196 665 3290 aequationis
691 3195 929 3293 integralium
956 3196 1052 3269 ratio
1079 3194 1233 3269 definita
1260 3209 1327 3282 est,
1351 3195 1411 3270 cui
1437 3195 1493 3269 his
1520 3195 1760 3294 qualitatibus

264 3330 429 3426 gaudere
456 3352 552 3427 opus
578 3341 654 3401 est:

338 3461 436 3535 Cum
454 3449 569 3535 sectae
588 3463 778 3536 varietatis
795 3449 881 3561 Ep
906 3461 1192 3560 repraesentatio
1210 3465 1248 3534 in
1266 3461 1498 3561 polygonum
1528 3469 1607 3564 Φηρ
1630 3475 1760 3536 mutua

267 3607 306 3668 et
332 3597 384 3668 ita
409 3593 615 3682 uniformia,
643 3607 684 3668 ut
718 3595 821 3670 nulla
856 3598 1028 3694 exceptio
1055 3593 1130 3684 fiat,
1159 3621 1240 3669 esse
1276 3595 1423 3684 debeat,
1451 3625 1473 3692 η
1498 3595 1536 3668 in
1563 3595 1760 3695 superficie

265 3728 350 3828 F„
380 3727 526 3802 functio
552 3730 717 3827 ipsorum
747 3729 791 3826 (a,
807 3729 833 3826 t)
861 3729 1026 3827 undique
1061 3730 1257 3802 uniformis
1296 3742 1334 3802 et
1368 3729 1450 3803 vice
1483 3755 1591 3804 versa
1623 3757 1648 3804 z
1682 3743 1721 3804 et
1747 3739 1765 3804 t

264 3861 361 3935 intra
379 3861 611 3960 polygonum
633 3869 713 3962 (Dm,
736 3861 943 3936 uniformes
961 3864 1173 3936 functiones
1190 3863 1306 3962 ipsius
1324 3892 1347 3960 η
1365 3877 1461 3937 sunt.
1489 3862 1529 3937 si
1547 3861 1759 3962 superficiei

265 3993 348 4094 F„
371 4007 565 4093 punctum,
592 3995 689 4069 binis
715 3995 904 4070 valoribus
939 3995 1026 4092 (at)
1062 3995 1270 4086 definitum,
1303 3999 1510 4070 sectionem
1538 3997 1571 4076 lv
1596 3996 1758 4094 aliquam

266 4128 425 4227 positiva
452 4129 659 4203 directione
687 4142 832 4203 servata
858 4131 1141 4228 transgreditur,
1164 4159 1186 4227 η
1209 4129 1309 4203 subit
1336 4127 1539 4228 ellipticam
1566 4143 1628 4203 aut
1654 4153 1759 4227 para·

266 4263 430 4336 bolicam
460 4262 764 4337 substitutionem
781 4263 883 4360 Ανη,
911 4287 995 4360 quae
1015 4261 1249 4337 translationi
1275 4263 1401 4336 lateris
1419 4275 1460 4356 s,
1481 4265 1518 4337 in
1534 4259 1576 4355 εἷ
1605 4286 1760 4360 respon·

267 4396 342 4485 det,
362 4419 448 4469 cum
475 4425 508 4492 η,
526 4409 669 4495 puncto
688 4393 733 4492 (z,
749 4394 775 4492 t)
794 4395 1004 4470 sectionum
1023 4394 1082 4487 Cr,
1102 4397 1163 4480 D,
1181 4397 1343 4494 aliquam
1361 4411 1604 4494 transgresso,
1625 4395 1760 4468 substi-

340 4699 355 4731 *
373 4694 410 4744 Ut
427 4693 510 4744 unsit
528 4694 625 4744 Fucus
643 4693 901 4761 (Sitzungsberichte
917 4694 1070 4748 Academiae
1087 4694 1276 4754 Berolineasis,
1296 4697 1364 4760 1885,
1382 4709 1440 4762 pag.
1458 4695 1523 4757 281.)
