4386 5624
437 693 475 753 24
1047 689 1073 732 t.
1096 684 1320 732 scutrsruoux

516 920 545 970 1.
573 894 763 995 Ellipticae
791 895 1076 969 substitutiones

926 1098 1086 1204 §gp-:l
1099 1183 1143 1216 =
1158 1135 1266 1225 eat-*1
1279 1097 1439 1202 [i.

936 1205 1081 1302 διν-μ
1294 1204 1457 1300 η-μ’

437 1455 595 1530 quarum
625 1442 766 1530 puncta
799 1427 871 1500 fixa
895 1427 928 1516 λ,
945 1455 980 1522 μ
1004 1425 1084 1524 poli
1109 1423 1239 1523 figurae
1270 1425 1308 1498 in
1338 1423 1524 1498 infinitum
1550 1435 1708 1498 remotae
1740 1423 1930 1519 coniugati

437 1577 533 1656 sunt,
553 1565 768 1662 producunt
785 1559 1003 1648 rotationes‚
1031 1583 1117 1658 quae
1143 1557 1249 1649 fiunt,
1273 1559 1395 1632 donec
1422 1557 1579 1657 angulus
1596 1553 1633 1634 θ
1648 1557 1832 1630 formetur
1858 1555 1929 1628 cir·

437 1722 523 1773 curn
550 1697 650 1772 reale
677 1707 861 1795 punctum
886 1692 1014 1766 fixum.

509 1852 542 1904 2.
570 1828 865 1904 Substitutiones
895 1826 1164 1926 hyperbolicae,
1193 1849 1352 1922 quarum
1386 1835 1527 1923 puncta
1559 1821 1633 1897 fixa
1666 1823 1704 1898 in
1742 1821 1928 1898 infinitum

435 1978 583 2038 remota
617 1975 711 2052 sunt,
739 1963 892 2062 planum
925 1961 1027 2036 iuxta
1061 1985 1144 2036 eam
1179 1971 1321 2034 rectam
1355 1958 1595 2046 transferunt,
1625 1981 1701 2055 qua
1734 1957 1817 2032 haec
1852 1957 1929 2030 duo

435 2109 575 2196 puncta
609 2096 681 2170 fixa
716 2097 1003 2193 coniunguntur,
1035 2119 1121 2191 quae
1148 2107 1262 2182 recta,
1290 2091 1541 2166 translationis
1577 2089 1677 2164 axis
1703 2091 1927 2164 nominatur.

510 2253 543 2326 3.
572 2230 868 2304 Substitutiones
894 2227 1133 2328 parabolicae,
1153 2251 1310 2326 quarum
1337 2251 1453 2300 unum
1476 2236 1659 2323 punctum
1685 2222 1800 2296 fixum
1818 2223 1857 2297 in
1874 2224 1929 2296 in·

436 2363 585 2438 finitum
602 2376 791 2438 remotum
819 2373 888 2454 est,
915 2361 1017 2462 plani
1042 2361 1236 2436 Eucuruur
1266 2357 1572 2434 translationibus
1597 2355 1785 2457 parallelis
1803 2381 1929 2431 corre·

436 2499 634 2596 spondent.

509 2630 553 2705 In
586 2632 803 2706 universum
836 2629 1031 2706 translatio
1069 2653 1231 2728 quaeque
1270 2640 1392 2703 rectas
1425 2627 1464 2702 in
1497 2639 1619 2702 rectas
1653 2626 1841 2700 transfert.
1873 2625 1930 2698 Ea

435 2765 639 2854 translatio
667 2791 753 2863 quae
787 2777 909 2840 rectas
943 2763 1060 2838 lineas
1094 2787 1134 2837 se
1169 2775 1340 2836 secantes
1373 2763 1424 2836 ita
1463 2761 1501 2834 in
1535 2785 1575 2836 se
1608 2759 1861 2848 transformat,
1888 2771 1930 2832 ut

435 2912 618 2999 punctum
659 2924 860 2973 commune
899 2897 969 2972 sibi
1006 2899 1078 2996 ipsi
1116 2897 1354 2995 respondeat,
1395 2893 1660 2969 substitutione
1696 2893 1871 2992 elliptica,
1900 2893 1930 2966 si

437 3036 618 3132 punctum
645 3057 846 3107 commune
880 3033 918 3105 in
952 3029 1059 3104 finito
1086 3031 1198 3103 situm
1233 3045 1301 3122 est,
1327 3027 1544 3128 parabolica
1578 3041 1715 3118 autem,
1752 3029 1782 3101 si
1817 3027 1927 3101 lineae

435 3163 626 3262 parallelae
653 3176 749 3252 sunt,
769 3162 999 3262 exprimitur.
1025 3159 1287 3252 Translationi‚
1315 3187 1400 3260 quae
1424 3163 1515 3236 duas
1541 3174 1663 3236 rectas
1690 3159 1929 3259 divergentes

436 3299 540 3372 inse
566 3298 816 3388 transformat,
844 3321 994 3396 semper
1027 3298 1232 3397 respondet
1266 3296 1481 3370 substitutio
1515 3295 1771 3395 hyperbolica.

511 3432 657 3527 Quibus
683 3431 866 3504 fructibus
892 3431 1020 3529 paucis
1046 3431 1217 3505 indicatis
1244 3431 1292 3503 ad
1317 3429 1549 3528 polygonum
1576 3429 1747 3504 normale
1765 3429 1928 3529 applica·

436 3566 494 3656 tis,
522 3565 687 3655 resultat,
714 3577 756 3639 ut
781 3563 1054 3656 translationes
1082 3565 1219 3661 quibus
1236 3564 1324 3638 bina
1341 3563 1458 3638 latera
1481 3565 1680 3660 coniugata
1696 3563 1735 3636 in
1752 3587 1793 3637 se
1810 3575 1928 3637 trans·

437 3712 528 3775 eunt
554 3699 800 3774 formularum
826 3724 900 3798 ope
926 3697 1141 3798 proiectivis
1167 3696 1354 3772 variabilis
1372 3697 1582 3795 complexae
1602 3695 1929 3770 substitutionibus

438 3835 702 3933 exprimantur,
730 3845 842 3931 atque
869 3832 931 3922 ita,
958 3844 1000 3906 ut
1030 3829 1326 3922 substitutiones
1354 3854 1440 3928 quae
1475 3829 1735 3904 transitionem
1762 3855 1783 3904 a
1812 3840 1854 3921 εζ
1881 3830 1928 3904 ad

436 3967 476 4060 εἶ
505 3964 682 4056 efficiunt,
710 3965 893 4066 ellipticas
920 3979 983 4040 aut
1009 3965 1242 4064 parabolicas
1277 3987 1359 4039 esse
1393 3987 1549 4038 necesse
1576 3964 1634 4036 sit.
1662 3961 1779 4037 Unde
1806 3961 1927 4062 sequi-

436 4115 507 4191 tur,
535 4115 576 4175 ut
602 4100 818 4176 coniunctio
848 4100 894 4191 G,
923 4101 1019 4174 sicut
1046 4097 1262 4174 coniunctio
1288 4100 1579 4197 proiectivarum
1607 4097 1926 4184 substitutionum‚

437 4259 522 4332 quae
550 4237 596 4310 ad
622 4233 841 4310 variabilem
869 4234 1103 4332 complexam
1130 4229 1355 4306 adhibendae
1383 4244 1479 4320 sunt,
1509 4227 1667 4329 exprimi
1692 4229 1821 4330 possit.
