4426 5620
472 665 509 740 84
1128 683 1157 727 a.
1181 683 1309 728 nouom

472 889 643 980 MCMII,
660 893 746 988 quia
764 891 888 988 operis
908 889 1122 992 aJahrbuch
1136 891 1233 964 tiber
1245 891 1306 962 die
1322 889 1573 966 Fortschritte
1592 893 1661 966 der
1678 889 1958 982 Mathematilr»,

473 1048 549 1121 quo
568 1047 613 1096 ex
631 1048 746 1120 opere
764 1024 944 1121 pleraque
964 1023 1051 1096 data
1069 1023 1185 1112 hausi,
1206 1024 1360 1096 ultimus
1379 1038 1504 1098 tomus
1524 1049 1567 1098 ea
1585 1025 1733 1122 scripta,
1754 1050 1838 1123 quae
1867 1051 1960 1100 anno

473 1157 594 1230 MCM
620 1171 706 1231 sunt
733 1158 843 1246 edita,
872 1157 999 1231 refert.

547 1313 579 1364 2.
607 1291 651 1364 In
678 1289 781 1365 libris
800 1291 1057 1364 describendis
1076 1316 1121 1364 ea
1138 1294 1282 1366 ratione
1302 1316 1389 1366 usus
1407 1317 1500 1381 sum,
1520 1306 1562 1366 ut
1579 1317 1704 1392 opera,
1725 1317 1809 1390 quae
1830 1293 1959 1366 eodem

473 1450 570 1499 anno
596 1425 827 1523 prodierunt,
855 1425 893 1496 in
921 1424 1052 1497 ordine
1081 1423 1302 1513 litterarum,
1330 1424 1465 1522 quibus
1492 1426 1644 1498 nomina
1674 1441 1848 1500 autorum
1874 1428 1959 1500 inci·

472 1559 588 1656 piunt,
616 1581 686 1656 pro
713 1557 866 1654 singulis
894 1559 997 1631 annis
1024 1561 1222 1657 separatim
1253 1582 1523 1632 enumerarem.
1552 1557 1744 1633 Praeterea
1763 1563 1875 1658 signis
1901 1585 1959 1658 ap·

472 1692 601 1789 positis
627 1690 789 1763 indicavi
815 1691 964 1779 classes,
984 1691 1119 1787 quibus
1146 1690 1230 1764 libri
1257 1691 1401 1788 singuli,
1421 1693 1628 1765 secundum
1657 1693 1858 1768 methodos
1877 1717 1959 1768 con·

472 1823 627 1922 siliaque
654 1825 919 1922 componendi,
948 1825 1124 1921 assignari
1149 1837 1319 1922 possunt.

546 1956 667 2031 Porro
686 1981 802 2054 opera
821 1957 1049 2056 argumentis
1069 1956 1343 2032 mathematicis
1371 1958 1417 2032 ab
1444 1959 1622 2056 operibus
1640 1963 1870 2057 argumentis
1892 1961 1959 2034 his-

474 2095 610 2184 toricis,
631 2094 779 2180 criticis,
798 2090 1068 2189 philosophicis
1086 2092 1315 2190 segreganda
1334 2115 1414 2165 esse
1442 2092 1531 2164 mihi
1558 2091 1678 2166 visum
1706 2107 1773 2166 est.
1802 2091 1847 2166 In
1873 2094 1959 2165 duas

474 2241 599 2301 autem
626 2241 762 2326 partes,
783 2227 996 2299 discernere
1023 2240 1064 2298 ut
1090 2225 1199 2299 facile
1226 2223 1456 2322 intelligitur,
1476 2251 1554 2300 non
1580 2239 1637 2300 est
1656 2240 1958 2299 consentaneum.

545 2359 723 2458 Denique
751 2384 835 2433 cum
863 2384 1000 2457 paucas
1027 2362 1104 2433 sive
1130 2359 1208 2432 lere
1236 2357 1356 2432 nullas
1385 2360 1633 2456 quorumdam
1663 2359 1844 2433 librorum
1870 2360 1959 2432 indi·

474 2495 651 2582 cationes,
679 2517 764 2590 quae
793 2493 840 2564 ad
867 2517 932 2566 eos
960 2495 1131 2580 attinent,
1152 2491 1329 2590 colligere
1356 2495 1555 2590 potuerim,
1584 2493 1738 2567 dubium
1767 2517 1848 2566 esse
1876 2495 1958 2590 quin

472 2629 510 2700 in
536 2625 639 2700 libris
666 2625 923 2700 describendis
941 2625 1186 2722 indiligentiae
1205 2627 1341 2699 futurae
1361 2625 1444 2716 sint,
1473 2652 1564 2724 quas
1582 2641 1707 2700 autem
1727 2627 1831 2700 nullo
1850 2627 1959 2700 modo

474 2761 639 2858 effugere
665 2761 782 2858 potui,
811 2757 968 2855 negabo.

546 2914 580 2986 3.
608 2889 676 2964 Eae
708 2893 855 2980 classes,
884 2892 931 2964 ad
957 2915 1048 2989 quas
1075 2917 1190 2989 opera
1217 2893 1492 2968 mathematicis
1523 2895 1752 2993 argumentis
1779 2906 1957 2992 spectant,

471 3049 626 3122 quarum
654 3049 764 3123 supra
790 3027 1022 3100 mentionem
1048 3025 1132 3114 leci,
1161 3041 1247 3100 sunt
1273 3051 1348 3116 sex,
1377 3052 1532 3125 quarum
1560 3027 1809 3124 investigandi
1836 3029 1895 3102 via
1919 3049 1958 3100 ac

470 3159 567 3231 ratio
594 3181 755 3254 quaeque
789 3160 1015 3233 describitur
1042 3175 1153 3257 atque
1181 3159 1368 3235 definitur.
1396 3160 1472 3236 Sex
1497 3161 1746 3259 investigandi
1776 3159 1957 3234 rationum

472 3292 548 3364 sive
582 3293 744 3388 partium
773 3296 925 3367 nomina
951 3308 1038 3367 sunt
1064 3293 1167 3381 haec,
1186 3319 1345 3390 quorum
1373 3295 1552 3391 quodque
1579 3297 1803 3370 instructum
1832 3307 1889 3368 est
1916 3317 1957 3368 eo

472 3427 587 3520 signo,
616 3426 719 3520 quod
745 3425 920 3499 omnibus
946 3427 1050 3500 libris
1077 3427 1124 3500 de
1151 3451 1195 3500 ea
1221 3427 1403 3501 confectis
1430 3429 1606 3524 apposui:

692 3557 782 3632 Pars
809 3559 1049 3633 elementaris
1079 3556 1156 3651 [Et

691 3691 783 3766 Pars
810 3691 1245 3766 metrico-differentialis
1275 3690 1359 3782 [D],

692 3826 784 3900 Pars
810 3829 848 3899 in
874 3851 948 3924 qua
973 3827 1021 3900 de
1048 3829 1310 3923 operationum

811 3959 1171 4035 coniunctionibusit
1199 3964 1318 4058 agitur
1346 3961 1425 4052 [G],

693 4091 784 4166 Pars
810 4096 1020 4192 proiectiva
1045 4093 1117 4190 [P],

692 4225 784 4300 Pars
811 4225 1094 4302 metrico-finita
1122 4227 1197 4318 [F],

693 4359 785 4432 Pars
811 4361 1024 4434 vectorialis
1050 4359 1127 4456 [Vl

546 4657 653 4707 *Cont
672 4657 880 4714 adnotationem.
898 4671 956 4722 pag.
976 4671 1011 4720 15.
