4386 5624
404 676 450 719 ΧΠ
1068 675 1087 716 1.
1110 675 1228 718 BOLYAI.

404 880 556 977 quidem
583 880 756 953 omnibus
783 881 1080 953 demonstratum
1109 905 1190 954 esse
1209 879 1403 954 theorema
1421 878 1636 968 binomiale‚
1656 881 1722 955 sed
1740 881 1895 956 demon-

404 1015 622 1086 strationem
648 1013 817 1109 rigorose
843 1025 988 1086 tantum
1016 1037 1086 1111 pro
1114 1015 1357 1111 [exponente]
1394 1013 1542 1111 integro
1568 1014 1731 1112 positivo
1757 1015 1894 1104 valere,

402 1147 529 1244 itaque
556 1146 635 1244 ipse
662 1146 888 1244 generaliter
914 1171 1000 1219 cum
1026 1147 1150 1243 rigore
1177 1147 1435 1220 demonstrare
1462 1149 1589 1246 coepit,
1617 1149 1685 1222 sed
1711 1149 1775 1222 ubi
1801 1147 1896 1222 diffi-

405 1280 563 1354 cultates
589 1281 783 1377 incipiunt,
812 1281 923 1352 etiam
951 1282 1031 1354 eius
1056 1269 1329 1380 demonstratio
1355 1280 1540 1370 haerescit,
1568 1305 1792 1377 quamquam
1826 1305 1896 1379 pro

403 1417 550 1513 integro
576 1414 737 1512 positivo
763 1413 939 1485 nimirum
964 1411 1066 1486 valet
1092 1426 1130 1486 et
1155 1415 1225 1486 rite
1253 1425 1395 1487 mutata
1421 1417 1533 1488 etiam
1551 1413 1708 1511 pulchra
1726 1427 1793 1488 est.
1813 1413 1895 1512 Ego

404 1563 529 1622 autem
557 1546 672 1620 credo
690 1568 759 1643 pro
777 1546 925 1643 integro
942 1547 1105 1643 positivo
1123 1559 1269 1620 naturae
1288 1549 1447 1621 maxime
1467 1549 1706 1638 conveniens,
1726 1549 1895 1644 quinimo

403 1682 692 1755 directissimum
719 1705 761 1754 ac
788 1704 907 1778 prope
933 1679 1194 1754 brevissimum
1222 1683 1293 1755 iter
1320 1705 1410 1768 esse,
1440 1680 1543 1778 quod
1561 1705 1607 1753 ex
1625 1680 1769 1753 theoria
1793 1705 1894 1753 com-

403 1815 636 1888 binationum
671 1813 849 1910 sequitur,
885 1813 971 1908 quia
997 1814 1213 1888 immediate
1239 1814 1320 1888 fluit
1347 1841 1391 1890 ex
1417 1815 1547 1914 regula
1572 1812 1895 1913 multiplicationis

404 1963 505 2022 nota.
540 1943 742 2020 Theoriam
771 1946 1093 2020 combinationum
1129 1960 1167 2020 et
1200 1949 1531 2047 permutationum,
1564 1947 1623 2040 (de
1651 1972 1724 2044 qua
1749 1960 1895 2022 tantum

405 2082 517 2180 longe
545 2095 582 2154 et
609 2079 763 2153 contuse
791 2079 971 2176 scriptum
999 2077 1068 2174 est)
1094 2081 1168 2153 iam
1195 2080 1335 2153 dudum
1372 2095 1448 2154 tam
1483 2082 1709 2172 evidentem,
1745 2081 1894 2156 facilem

404 2217 661 2311 directamque
695 2213 733 2285 in
767 2213 899 2310 viginti
933 2213 1091 2310 plagulis
1126 2229 1259 2288 octava
1296 2215 1418 2288 forma
1456 2217 1672 2313 conscripsi,
1709 2229 1750 2288 ut
1785 2215 1894 2289 facile

405 2349 581 2420 dixerim:
608 2370 685 2418 non
712 2345 796 2441 plus
822 2345 930 2418 ultra.
949 2344 1072 2418 VEGA
1099 2349 1211 2420 etiam
1231 2347 1390 2420 multum
1413 2373 1541 2446 operae
1560 2347 1665 2421 dedit
1682 2347 1768 2421 huic
1787 2347 1893 2421 theo-

403 2484 481 2570 riae,
510 2503 595 2578 quae
624 2478 725 2575 apud
752 2502 838 2550 eum
864 2480 978 2552 nimia
997 2493 1077 2552 arte
1095 2504 1138 2552 ac
1158 2479 1282 2552 studio
1309 2477 1444 2568 efficta,
1473 2495 1598 2554 tamen
1625 2483 1787 2579 pessima
1805 2507 1895 2555 con-

405 2616 561 2712 fusaque
589 2624 645 2684 est
656 2635 664 2704 ;
692 2612 729 2682 in
748 2609 823 2682 fine
842 2612 956 2708 partis
974 2615 1106 2709 primae
1125 2637 1281 2711 parvum
1301 2615 1598 2687 additamentum
1617 2616 1728 2689 etiam
1748 2617 1895 2712 legitur.

479 2747 558 2820 Iam
584 2758 737 2818 transeo
763 2745 811 2817 ad
837 2760 984 2842 partem
1011 2747 1166 2821 alteram
1194 2749 1534 2839 demonstrationis,
1571 2775 1656 2847 quae
1690 2772 1779 2822 vere
1813 2747 1895 2847 pul-

404 2881 600 2968 cherrima,
634 2876 914 2952 evidentissima
939 2893 977 2952 et
1004 2882 1129 2978 quoad
1156 2881 1210 2954 rei
1236 2894 1406 2955 naturam
1433 2881 1651 2956 brevissima
1687 2881 1798 2955 etiam
1827 2895 1894 2972 est,

404 3017 471 3090 sed
498 3029 539 3088 ut
566 3011 756 3110 scripsisti,
785 3009 985 3086 Carissime
1013 3011 1135 3102 Pater,
1155 3013 1262 3086 abest
1279 3017 1611 3114 complementum,
1632 3016 1733 3113 quod
1751 3018 1788 3088 in
1808 3039 1894 3090 casu

405 3150 513 3224 seriei
549 3146 804 3221 decrescentis
840 3147 1087 3220 essentialiter
1121 3147 1373 3220 necessarium
1401 3163 1468 3222 est.
1495 3148 1780 3222 Demonstratio
1811 3149 1895 3222 bre·

404 3283 501 3357 viter
534 3282 617 3356 haec
654 3293 729 3354 est:
762 3279 934 3371 Quodvis
960 3281 1008 3353 sit
1035 3305 1059 3377 q
1087 3293 1125 3354 et
1144 3290 1187 3378 p,
1215 3284 1481 3379 concipere
1515 3305 1668 3379 possum
1703 3279 1769 3353 has
1804 3281 1896 3354 duas

404 3440 518 3491 serres

730 3509 1281 3691 1-t-qx-t-q—lg—le2-t-n·
1328 3568 1365 3638 in
1391 3564 1576 3639 infinitum

406 3733 443 3792 ἃ

728 3811 1282 3992 ιψρκ-ι-ΜῙξΗκΖ-Ι-υ·
1325 3872 1362 3942 in
1389 3868 1592 3962 infinitum;

406 4097 445 4156 et
478 4085 508 4156 si
542 4081 607 4156 has
646 4085 760 4157 series
795 4083 847 4156 ita
888 4079 1130 4178 concipi0,
1172 4082 1218 4154 de
1258 4081 1542 4180 complemento
1580 4082 1754 4156 nimirum
1793 4080 1896 4155 nulla

407 4218 566 4314 quaestio
592 4214 673 4290 fieri
699 4229 835 4315 potest,
862 4227 1039 4311 utrasque
1067 4217 1164 4289 enim
1191 4216 1307 4288 series
1334 4215 1534 4313 concipere
1551 4239 1705 4312 possum
1724 4230 1895 4290 extensas

405 4353 444 4422 in
469 4348 664 4438 infinitum,
693 4365 735 4423 ut
761 4347 923 4446 exempli
948 4350 1066 4445 gratia

937 4535 1346 4690 o÷}÷{-÷···
