4386 5624
488 714 531 759 DE
551 713 843 759 Annucarlomnus
862 713 1068 760 omnum
1087 715 1266 760 ABSOLUTAE
1289 715 1486 760 Anauvrrcts.
1701 718 1735 775 41

251 944 412 994 summas
442 919 677 1020 angulorum,
709 921 773 1018 qui
802 923 840 994 in
869 923 985 1020 ipsius
1017 927 1098 1022 &gp
1131 921 1255 1020 anguli
1284 921 1444 1020 punctis,
1477 945 1562 1020 quae
1590 919 1740 1020 cyclum

250 1051 427 1144 efficiunt,
455 1068 669 1144 nascuntur,
696 1055 812 1154 ipsius
839 1077 891 1130 arr
918 1055 1101 1154 aliquotas
1134 1068 1260 1153 partes
1287 1078 1369 1128 esse
1398 1053 1573 1154 neglecta
1599 1055 1646 1129 ad
1672 1080 1739 1154 op-

251 1199 369 1261 tatum
395 1211 466 1262 nos
492 1188 684 1263 deducit*

322 1319 458 1395 Altera
483 1323 552 1412 via,
581 1321 685 1396 cuius
712 1335 821 1398 autor
854 1321 906 1396 ill.
937 1323 1142 1397 Pomcms
1169 1325 1288 1414 esti*
1312 1322 1526 1397 functiones
1552 1321 1584 1398 F
1586 1325 1740 1398 neusin·

249 1479 314 1530 nas
354 1455 530 1530 exsistere
569 1457 621 1530 ita
658 1457 850 1556 probatur,
890 1471 932 1530 ut
973 1455 1033 1530 hae
1076 1456 1265 1532 funtiones
1307 1457 1475 1530 seriebus
1517 1457 1740 1553 quibusdam

250 1589 564 1687 convergentibus
590 1592 856 1688 exprimantur,
876 1615 961 1688 quae
983 1589 1043 1664 via
1068 1593 1149 1688 ipsa
1174 1601 1255 1663 tum
1282 1589 1402 1664 solum
1429 1590 1593 1664 ineunda
1620 1602 1685 1680 est,
1711 1592 1741 1664 si

249 1721 480 1822 polygonum
506 1723 675 1798 normale
705 1731 785 1824 Q
804 1727 842 1797 in
868 1723 982 1822 plano
1007 1723 1225 1796 Bonumano
1256 1725 1409 1797 exsistet
1435 1725 1589 1819 eiusque
1615 1723 1742 1820 anguli

251 1858 302 1930 eis
328 1856 624 1946 condicionibus
652 1882 697 1930 ex
723 1856 857 1954 quibus
884 1857 1160 1932 coniunctionis
1191 1856 1224 1930 G
1251 1857 1535 1930 discontinuitas
1562 1856 1740 1955 sequitur,

250 1990 486 2066 satisfacient.
514 1989 642 2066 Posita
668 2003 724 2064 est
750 1991 789 2064 in
815 2015 859 2064 ea
885 1990 1123 2087 cogitatione,
1151 2013 1236 2087 quae
1264 1993 1376 2064 etiam
1403 1991 1450 2064 ad
1476 1992 1741 2090 proponendas

250 2127 476 2222 quaestiones
501 2121 754 2223 generaliores
780 2125 905 2221 magni
930 2125 1114 2198 momenti
1141 2137 1216 2198 est:

322 2257 364 2332 Si
390 2257 664 2332 coniunctionis
691 2258 727 2332 G
752 2256 784 2331 F
786 2259 985 2332 ucusianae
1011 2255 1203 2356 polygono
1224 2263 1304 2357 Φ,,ρ
1329 2257 1588 2333 determinatae
1607 2259 1741 2333 substi-

250 2391 414 2466 tutiones
441 2394 536 2466 serie
563 2391 687 2488 aliqua
711 2391 833 2466 electa

734 2587 796 2680 So,
823 2586 884 2676 S„
913 2585 1260 2684 S2‚...,(So=1),

251 2794 487 2892 designamus
514 2805 552 2867 et
578 2793 633 2866 H
637 2792 681 2890 (η)
708 2793 929 2867 rationalem
955 2794 1070 2892 ipsius
1096 2823 1119 2889 η
1145 2793 1378 2868 functionem
1404 2794 1576 2892 aliquam,
1597 2817 1681 2892 quae
1704 2795 1742 2866 in

250 2926 353 3002 nullo
379 2926 481 3026 plani
506 2927 712 3001 Bourmani
737 2927 825 3002 loco
851 2955 873 3024 η
898 2928 936 3000 in
962 2925 1070 3001 finito
1097 2929 1169 3000 sito
1194 2925 1339 3001 infinita
1357 2939 1424 3016 est,
1444 2928 1610 3017 denotat,
1628 2927 1743 3000 series

250 3057 393 3134 infinita

252 3249 297 3348 (ι)
711 3195 1299 3408 megensind—§331

251 3515 469 3612 designante
498 3543 535 3590 m
563 3516 765 3616 positivum
791 3519 979 3616 integrum
1011 3520 1152 3594 unitate
1184 3519 1364 3591 maiorem
1400 3541 1608 3606 numerum,
1636 3516 1743 3589 abso·

252 3648 328 3724 lute
364 3663 402 3724 et
436 3649 673 3724 uniformiter
699 3653 893 3748 convergit
919 3653 966 3726 ad
993 3675 1124 3724 omnes
1149 3649 1297 3724 valores
1325 3648 1543 3746 complexos
1569 3650 1684 3748 ipsius
1709 3677 1742 3744 η,

252 3793 290 3855 et
316 3785 378 3872 eis,
406 3782 471 3880 qui
497 3784 701 3880 aequationi

252 3914 297 4011 (2)
880 3930 1114 4014 Ῑ-ι-σηῆεο

252 4127 481 4202 satisfaciunt
500 4142 538 4202 et
557 4132 724 4228 exceptis
739 4132 802 4220 eis,
820 4131 866 4204 ad
880 4153 974 4228 quos
989 4131 1227 4206 rationalium
1245 4131 1481 4204 functionum
1500 4129 1556 4202 H
1559 4127 1616 4224 (So
1628 4127 1662 4225 η)
1681 4140 1745 4201 aut

252 4225 351 4396 fig-232
379 4263 503 4360 aliqua
527 4260 714 4337 infinitum
739 4262 794 4338 fit.

324 4514 384 4568 *si
400 4515 559 4582 melorum
582 4532 695 4570 summae
719 4533 774 4570 non
799 4519 926 4586 aliquota
950 4519 1036 4585 ipeim
1061 4533 1094 4570 ee
1118 4523 1210 4584 partes
1226 4525 1296 4580 eunt,
1314 4517 1452 4568 variubilie
1468 4534 1484 4580 η
1502 4515 1661 4572 functiones.
1678 4529 1746 4581 ques

252 4607 379 4658 exsistere
389 4605 555 4673 probabitur.
567 4608 620 4660 iam
636 4623 691 4659 nou
708 4609 826 4676 undique
843 4607 990 4660 uniformes
1005 4623 1064 4658 eeee
1080 4607 1253 4673 perspicuum
1269 4614 1317 4658 est.

309 4697 339 4734 ἢ
355 4697 424 4748 Acte
440 4697 642 4754 Mathematice.
660 4704 724 4748 tom.
742 4699 764 4748 1.
782 4712 841 4762 pag.
861 4711 912 4761 193.
930 4711 987 4762 equ.

1624 4839 1641 4884 6
