4386 5624
446 685 463 745 8
1052 695 1079 738 n.
1101 691 1322 740 scanasmosu

446 907 570 997 intrat,
594 905 661 978 sed
687 904 734 977 ad
760 903 798 976 id
824 913 1018 1001 punctum,
1046 901 1146 974 unde
1173 924 1365 998 egressum
1392 912 1459 989 est,
1477 900 1608 973 redit.»
1646 898 1828 972 Similiter
1853 899 1938 972 sim·

446 1036 583 1137 plicam
615 1034 852 1135 superficiem
884 1033 1078 1109 definienti
1108 1031 1347 1108 difficultates
1382 1032 1603 1106 offeruntur.
1635 1032 1713 1106 «Ex
1739 1027 1937 1130 superficie

447 1171 614 1268 qualibet
643 1171 817 1244 focomm
850 1193 1029 1242 numerus
1065 1167 1185 1266 quivis
1219 1169 1336 1266 pungi
1369 1179 1506 1266 potest,
1538 1167 1665 1264 ibique
1704 1167 1848 1240 adactae
1881 1189 1940 1240 ca·

445 1305 549 1378 nales
583 1305 682 1376 binae
718 1303 873 1400 congeri
906 1316 1073 1402 possunt.
1100 1300 1203 1375 Talis
1230 1315 1286 1375 est
1312 1300 1591 1400 generalissime
1619 1299 1778 1399 simplex
1810 1323 1939 1397 super·

445 1437 581 1512 ficies.»
611 1437 677 1510 Ad
703 1436 786 1510 haec
812 1437 851 1510 in
876 1439 1043 1534 margine
1071 1449 1161 1510 nota
1186 1437 1334 1510 adiecta
1360 1447 1434 1509 est:
1467 1433 1767 1532 «Argumentum
1791 1432 1942 1531 perqui-

447 1587 585 1660 ratur»,
613 1596 700 1645 cum
726 1570 797 1642 alia
823 1572 966 1642 notatio
992 1570 1233 1667 praescribat:
1266 1568 1448 1642 «Diversa
1472 1567 1699 1666 simplicium
1725 1563 1940 1665 superficie-

447 1732 529 1780 rum
557 1727 696 1804 genera
723 1716 1025 1777 enumerentur».
1049 1701 1255 1776 Distinctio
1273 1705 1371 1776 inter
1389 1703 1535 1776 diversa
1561 1701 1786 1800 simplicium
1814 1724 1941 1798 super-

447 1838 618 1912 ficierum
644 1861 783 1934 genera
801 1862 822 1911 a
838 1837 979 1910 Bonum
998 1839 1160 1910 indicata
1177 1837 1399 1911 varietatum
1419 1837 1576 1910 duarum
1600 1837 1877 1910 dimensionum
1896 1858 1941 1906 ex

448 1972 589 2070 analysi
615 1974 706 2045 situs
733 1969 1003 2045 distributionis
1029 1983 1201 2044 naturam
1228 1995 1269 2043 re
1296 1995 1386 2044 vera
1412 1970 1570 2068 attingit.

521 2105 562 2180 Si
588 2107 688 2179 enim
714 2107 900 2204 ponimus,
921 2103 1133 2204 superficiei
1159 2117 1305 2204 partem
1333 2106 1521 2201 quandam
1549 2103 1600 2188 F,
1622 2103 1785 2202 planam,
1806 2126 1892 2199 quae
1919 2128 1941 2175 r

448 2239 555 2312 lineis
582 2239 767 2313 continuis
784 2237 889 2311 finita
907 2241 963 2329 sit,
984 2250 1029 2337 ap
1050 2239 1144 2312 focis
1163 2238 1341 2312 affectum
1361 2261 1453 2326 esse,
1474 2240 1538 2335 qui
1556 2237 1635 2310 bini
1653 2237 1844 2310 canalibus
1862 2239 1942 2310 sine

448 2396 544 2477 nexu
572 2373 764 2444 coniuncti
790 2375 872 2462 sint,
892 2373 983 2446 item
1006 2371 1244 2471 superficiem
1263 2399 1285 2445 r
1302 2372 1409 2446 lineis
1435 2371 1578 2444 finitam
1605 2371 1690 2470 F„
1715 2370 1941 2458 obtinemus,

450 2506 511 2580 cui
545 2505 815 2578 cohaerentiam
842 2515 979 2603 2p÷r
1005 2527 1087 2578 esse
1117 2505 1339 2579 anuauu*
1364 2504 1490 2578 sensit.
1514 2505 1555 2578 Si
1580 2529 1658 2578 non
1684 2530 1705 2577 a
1730 2501 1944 2602 superficiei

450 2651 555 2739 parte
582 2639 634 2722 F,
656 2665 679 2712 r
702 2637 810 2711 lineis
836 2636 949 2727 finita,
970 2639 1037 2712 sed
1065 2665 1086 2713 a
1113 2637 1311 2737 superficie
1336 2641 1374 2711 in
1401 2664 1440 2712 se
1466 2640 1585 2736 ipsam
1613 2637 1797 2710 redeunte
1816 2661 1849 2710 e.
1868 2663 1902 2734 g.
1923 2661 1944 2710 a

451 2774 598 2873 spbaera
631 2770 914 2870 proficiscimur,
949 2770 1031 2846 fieri
1066 2797 1142 2845 non
1175 2785 1312 2870 potest,
1348 2775 1439 2868 quin
1473 2772 1581 2864 hanc,
1614 2786 1655 2845 ut
1685 2771 1878 2845 Rruunuu
1905 2783 1943 2844 et

451 2907 623 2998 Lrsrrue,
638 2907 708 2979 viri
734 2904 981 2994 illustrissimi,
1001 2919 1143 3005 puncto
1162 2905 1310 2980 sublato
1328 2907 1366 2978 in
1384 2904 1622 3004 superficiem
1642 2931 1716 2978 una
1737 2906 1836 2980 linea
1860 2905 1941 2978 fini·

451 3053 527 3114 tam
562 3063 644 3112 esse
679 3052 859 3112 mutatam
888 3042 1107 3137 cogitemus
1136 3053 1176 3113 ut
1210 3041 1322 3137 igitur
1356 3063 1425 3137 pro
1457 3037 1654 3138 superficie
1688 3041 1727 3112 in
1757 3065 1796 3114 se
1822 3041 1942 3138 ipsam

450 3173 633 3247 redeunte
651 3172 703 3254 F„
725 3197 927 3270 numquam
947 3171 1163 3272 superficies
1182 3171 1232 3254 F,
1255 3197 1329 3247 una
1346 3173 1445 3246 linea
1461 3172 1565 3246 finita
1583 3197 1659 3247 non
1673 3175 1871 3247 statuenda
1884 3173 1941 3248 sit.

452 3307 551 3381 Haec
578 3304 807 3404 superficies,
831 3330 916 3402 quae
935 3332 980 3378 ex
999 3306 1116 3380 altera
1133 3306 1171 3378 in
1194 3331 1234 3379 se
1251 3309 1370 3405 ipsam
1389 3307 1583 3396 redeunte,
1603 3319 1650 3406 ap
1668 3307 1762 3382 focis
1782 3309 1941 3406 punctis,

451 3441 515 3538 qui
532 3440 610 3514 bini
637 3440 827 3514 canalibus
851 3441 1041 3515 coniuncti
1059 3455 1155 3531 sunt,
1174 3439 1360 3540 provenit,
1380 3440 1470 3514 nihil
1489 3441 1667 3514 abhorret
1685 3442 1732 3515 ab
1752 3467 1796 3516 ea
1814 3466 1943 3541 super-

451 3571 547 3662 ficie,
575 3599 648 3670 qua
678 3573 720 3648 F.
748 3573 891 3665 Kueru,
918 3575 975 3646 vir
1006 3575 1292 3664 clarissimus&
1322 3573 1520 3674 superficie
1555 3576 1715 3650 normali
1745 3575 1941 3674 generisp

451 3708 594 3804 primus
611 3731 698 3779 usus
717 3720 785 3781 est.
802 3707 1043 3782 Generaliter
1061 3709 1298 3806 superficiem
1312 3709 1395 3808 Rp
1416 3709 1737 3807 superficiem
1760 3733 1893 3783 norm
1905 3733 1942 3782 a·

452 3839 543 3912 lem
569 3839 896 3914 Bouuaranam
924 3867 946 3914 r
971 3839 1078 3914 lineis
1095 3840 1239 3914 finitam
1266 3855 1304 3913 et
1330 3841 1634 3940 ap-t-r-pliciter
1651 3867 1859 3918 connexam
1878 3843 1943 3916 de·

452 3974 651 4070 signemus.
678 3974 808 4070 Atque
834 3975 977 4048 Bonum
1004 3976 1095 4048 dicit
1123 3975 1219 4070 (vide
1246 3973 1387 4074 supra):
1420 3977 1552 4050 «Hanc
1579 3977 1787 4050 normalem
1814 3999 1942 4075 super·

450 4103 575 4178 ficiem
602 4103 880 4204 generalissime
907 4107 1117 4206 simplicem
1144 4132 1261 4198 esse»,
1285 4110 1324 4182 id
1350 4110 1455 4208 quod
1481 4110 1534 4184 sic
1560 4109 1847 4206 intelligendum
1874 4119 1941 4182 est.

526 4236 583 4312 Sit
609 4239 673 4321 M,
703 4239 929 4336 generaliter
967 4241 1124 4314 duarum
1161 4240 1435 4315 dimensionum
1471 4243 1639 4331 varietas,
1672 4265 1756 4338 quae
1793 4264 1879 4314 curn
1904 4241 1943 4313 in

458 4538 460 4544 .
523 4491 645 4556 *Opera
662 4493 862 4554 Mathematici»,
880 4509 938 4559 pag.
956 4511 987 4557 92
1004 4511 1062 4561 squ.

508 4581 539 4616 **
556 4581 647 4632 Ueber
662 4581 818 4634 Riemann's
833 4582 949 4636 Tbeorie
964 4583 1014 4635 der
1028 4581 1228 4648 elgebrsiscbeu
1244 4583 1413 4634 Functiouen
1430 4583 1486 4635 und
1502 4583 1574 4635 ihrer
1590 4583 1723 4649 Integrale
1739 4583 1859 4650 (Ilpeiae.
1873 4584 1943 4649 1882)

450 4682 508 4733 pag.
530 4673 576 4728 πός
593 4669 626 4720 cl.
645 4670 796 4729 Cmrrono,
815 4671 994 4736 Prooeedinge
1012 4671 1156 4724 Societatis
1174 4672 1305 4723 Mathem.
1324 4671 1436 4724 londin
1457 4678 1475 4724 t.
1496 4673 1560 4722 VIII
1577 4672 1667 4738 (1877).
