4386 5624
453 671 491 745 38
1061 687 1089 730 n.
1111 685 1336 732 sexnrsruorm

452 893 633 965 riodicam
669 892 784 989 ipsius
819 920 841 986 η
875 891 1107 965 functionem
1144 891 1265 983 offert,
1293 895 1331 966 in
1367 895 1514 968 casibus
1541 895 1697 985 8.-10.,
1727 893 1795 969 Nr.
1825 893 1894 968 111.
1921 922 1945 969 z

452 1025 685 1123 biperiodica
711 1025 827 1122 ipsius
854 1053 876 1122 η
902 1025 1046 1098 functio
1071 1023 1126 1114 fit,
1147 1049 1231 1122 quae
1251 1027 1601 1124 multiplicationem
1621 1028 1854 1125 complexam
1878 1053 1946 1126 per

453 1159 657 1233 secundam
685 1170 748 1231 aut
775 1161 924 1232 tertiam
954 1159 1106 1233 unitatis
1132 1161 1298 1234 radicem
1326 1163 1476 1258 patitur.
1500 1159 1545 1234 In
1563 1159 1720 1248 casibus,
1748 1161 1811 1258 qui
1837 1175 1946 1240 c<o

454 1293 764 1389 correspondent,
791 1293 979 1366 variabilis
1005 1322 1027 1390 η
1053 1294 1197 1367 functio
1223 1319 1247 1366 z
1273 1317 1349 1366 non
1376 1295 1529 1383 exsistit,
1548 1295 1617 1367 nisi
1643 1295 1713 1392 ipsi
1740 1323 1763 1391 η
1787 1295 1944 1384 valores,

454 1423 517 1521 qui
535 1424 697 1497 realibus
715 1423 817 1522 plani
838 1425 1045 1498 Bonxnrani
1062 1427 1211 1523 punctis
1238 1427 1546 1524 correspondent,
1577 1427 1615 1499 id
1642 1439 1699 1500 est
1723 1428 1760 1514 ii,
1779 1427 1827 1502 ad
1853 1451 1946 1524 quos

458 1569 678 1654 Ι-Ι-σηῆζο
704 1571 770 1648 est,
799 1559 1025 1647 tribuuntur,
1044 1573 1230 1657 praeterea
1256 1559 1406 1657 praebet
1433 1559 1515 1634 haec
1541 1559 1685 1634 functio
1711 1561 1947 1635 uniformiter

455 1693 690 1767 conformem
717 1691 862 1790 z-plani
888 1692 1083 1766 Euonrnni
1109 1693 1254 1766 idoneis
1280 1692 1509 1766 sectionibus
1536 1691 1582 1790 (0,
1603 1693 1671 1786 00),
1699 1693 1743 1789 (1,
1769 1693 1825 1788 00)
1853 1697 1946 1768 secti

453 1825 832 1924 repraesentationem
879 1828 918 1898 in
956 1826 1163 1900 Bonxnrani
1209 1825 1311 1924 plani
1352 1839 1475 1898 rutam
1519 1827 1863 1924 quadrangulatam.
1907 1827 1947 1901 Si

450 1985 835 2057 g,=g2=g3=00,
863 1960 901 2033 in
936 1985 1010 2058 quo
1046 1985 1133 2034 casu
1169 1961 1277 2034 huius
1312 1973 1408 2034 rutae
1443 1973 1621 2057 quattuor
1654 1961 1779 2058 anguli
1805 1975 1945 2060 puncta

454 2107 541 2168 sunt
574 2093 675 2191 plani
710 2093 914 2166 Bonrmani
947 2107 1088 2192 puncta
1122 2096 1159 2168 in
1194 2093 1379 2168 infinitum
1417 2107 1573 2184 remota,
1609 2119 1695 2192 quae
1731 2094 1944 2170 modulares

453 2227 666 2302 functiones
693 2225 870 2324 ellipticae
897 2229 1111 2317 dicuntur&
1138 2229 1409 2325 producuntur.

528 2360 578 2434 Iis
622 2361 779 2450 casibus,
820 2360 857 2433 in
892 2359 1026 2458 quibus
1060 2361 1292 2460 polygonum
1331 2367 1411 2460 Φ,,ρ
1444 2361 1482 2434 in
1517 2359 1631 2459 plano
1665 2359 1943 2435 Rruuarruiano

455 2497 567 2570 situm
587 2509 653 2584 est,
673 2493 846 2593 peractis,
862 2519 994 2568 eorum
1014 2519 1177 2582 casuum,
1198 2495 1262 2568 ubi
1284 2501 1363 2594 dg,
1381 2497 1418 2567 in
1436 2493 1550 2592 plano
1568 2493 1775 2568 Encnrnno
1793 2494 1944 2584 exsistit,

455 2630 530 2702 duo
558 2627 679 2702 solum
706 2653 843 2726 nempe
871 2647 916 2722 5.,
945 2627 988 2716 6.,
1018 2627 1086 2702 Nr.
1115 2627 1185 2700 III.
1214 2628 1485 2725 relinquuntur.

530 2761 575 2835 In
600 2763 725 2862 priore
753 2781 798 2855 5.,
826 2763 863 2835 in
890 2787 965 2860 quo
995 2769 1073 2861 (1⁵74
1098 2761 1292 2836 Eucunnr
1318 2764 1419 2861 plani
1444 2761 1792 2861 parallelogramma
1813 2768 1859 2846 o),
1878 2775 1945 2852 est,

456 2896 705 2994 ellipticarum
740 2896 977 2970 functionum
1012 2895 1157 2970 theoria
1191 2895 1396 2970 uniformes
1429 2897 1544 2995 ipsius
1578 2925 1600 2992 η
1634 2896 1845 2969 functiones
1872 2920 1944 2984 eas,

456 3030 591 3128 quibus
617 3031 713 3102 intra
739 3029 1088 3128 parallelogramma
1110 3035 1156 3110 a),
1174 3027 1409 3102 rationalium
1428 3029 1661 3102 functionum
1683 3031 1740 3102 vis
1758 3043 1824 3118 est,
1844 3055 1944 3128 quae·

455 3188 528 3260 que
546 3164 584 3237 in
603 3164 784 3261 oppositis
801 3164 916 3260 ipsius
939 3169 984 3244 m,
1004 3161 1183 3236 lateribus
1203 3163 1362 3235 eandem
1383 3163 1552 3234 valorum
1580 3164 1714 3236 seriem
1741 3177 1944 3252 assumunt,

452 3295 492 3367 id
527 3309 584 3368 est
619 3295 883 3392 automorphas
913 3295 1136 3384 functiones,
1165 3319 1249 3393 quae
1277 3296 1324 3368 ad
1354 3303 1399 3378 Φ,
1427 3297 1628 3392 pertinent,
1664 3297 1821 3394 praebet.
1858 3297 1944 3391 Quo

454 3430 570 3503 modo
604 3429 811 3502 formandae
848 3431 932 3518 sint,
969 3454 990 3501 a
1024 3431 1181 3502 duarum
1216 3431 1529 3526 geometricamm
1565 3432 1825 3526 quantitatum,
1861 3455 1945 3528 quae

454 3563 569 3660 ipsius
603 3569 649 3646 Φ,
676 3562 793 3636 latera
812 3565 1040 3660 exprimunt,
1060 3562 1206 3636 ratione
1225 3591 1244 3635 r
1262 3563 1464 3660 dependet,
1485 3564 1587 3660 quod
1615 3579 1672 3638 est
1698 3564 1843 3638 duabus
1869 3589 1948 3637 rea·

452 3696 550 3770 libus
585 3697 844 3772 constantibus
879 3694 1107 3792 aequivalens
1143 3693 1340 3793 complexa
1374 3708 1560 3784 constans,
1589 3723 1609 3769 a
1643 3722 1716 3795 qua
1749 3696 1945 3795 parallelo·

454 3855 622 3929 gramma
652 3837 698 3913 sb,
725 3831 918 3929 praecipue
945 3831 1147 3927 dependet.
1171 3829 1372 3903 Variabilis
1399 3858 1420 3926 η
1446 3829 1660 3905 functiones
1686 3829 1946 3929 automorphae

454 3963 668 4062 (ellipticae),
700 3987 786 4060 quae
814 3963 860 4036 ad
890 3969 936 4044 ΦΣ
962 3965 1164 4060 pertinent,
1192 3989 1320 4037 earum
1347 3965 1491 4038 duabus

984 4095 1410 4197 2=uw.t=uw‚

451 4231 549 4302 inter
567 4253 657 4327 quas
676 4225 886 4325 algebraica
913 4229 1060 4326 generis
1083 4249 1095 4299 1
1120 4231 1283 4326 aequatio
1311 4243 1377 4319 est,
1405 4231 1464 4303 via
1490 4229 1663 4304 rationali
1686 4227 1843 4326 exprimi
1861 4253 1946 4326 pos·

523 4573 537 4606 t
564 4571 633 4621 Vide
659 4573 761 4629 Fucxs.
793 4571 902 4637 Journal
928 4571 970 4622 fdr
994 4571 1171 4623 Mathematilr
1197 4572 1311 4637 (crolle),
1343 4577 1406 4622 tom.
1435 4575 1480 4634 833
1506 4571 1665 4630 Dsnaxrxn,
1695 4571 1811 4632 ibidem:
1843 4575 1947 4624 Kram-

451 4661 563 4718 Frrcxr‚
582 4661 596 4710 l.
615 4675 637 4710 c.
