4386 5624
784 1541 1045 1626 LECTORI
1074 1539 1372 1626 SALUTEM.

406 1917 760 1992 Mathematicorum
788 1931 825 1992 et
852 1930 994 1990 naturae
1027 1929 1277 1990 scrutatorum
1314 1915 1421 1990 huius
1448 1915 1698 1990 universitatis
1725 1917 1820 1990 ordo

330 2071 560 2144 insessione
592 2095 690 2143 anno
722 2065 961 2144 MDCCCIC
988 2093 1019 2140 a.
1047 2069 1083 2140 d.
1109 2065 1216 2140 XIV.
1245 2067 1437 2142 Kalendas
1470 2065 1660 2140 Ianuarias
1694 2067 1820 2140 habita

332 2224 378 2295 ad
405 2221 603 2294 sollemnia
631 2222 845 2295 centenaria
872 2221 946 2292 diei
972 2219 1071 2292 illius
1098 2217 1335 2306 celebranda,
1364 2243 1440 2315 quo
1467 2218 1528 2292 die

907 2416 1081 2490 loannes
1108 2418 1251 2490 Bournr

329 2635 530 2710 natusest,
558 2621 722 2695 natalem
749 2621 827 2694 eius
854 2623 1009 2694 domurn
1044 2618 1172 2692 tabula
1206 2620 1410 2692 ornandam
1439 2632 1477 2690 et
1503 2617 1672 2691 libellum
1705 2619 1817 2690 eden·

329 2777 419 2847 dum
455 2771 634 2864 decrevit,
663 2797 748 2869 qu0,
777 2785 956 2868 quantum
992 2769 1199 2868 geometria
1237 2769 1418 2858 absoluta,
1447 2795 1467 2842 a
1494 2769 1650 2842 lomna
1677 2769 1819 2842 Bournr

329 2923 489 3011 condita,
510 2925 557 2997 ad
577 2921 790 3021 disciplinas
818 2922 1098 2995 mathematicas
1125 2919 1267 2994 saeculo
1293 2920 1575 2994 undevicesimo
1593 2944 1818 3018 promoven·

329 3076 393 3148 das
418 3075 587 3162 valuerit,
616 3075 908 3146 demonstretur.

402 3225 526 3318 Quem
553 3225 690 3298 librum
718 3225 945 3322 sempiterna
971 3224 1096 3322 lingua
1123 3223 1254 3299 Latina
1285 3223 1541 3322 conscriptum
1568 3234 1606 3296 et
1632 3223 1817 3296 societati·

329 3377 398 3450 bus
425 3377 545 3450 doctis
571 3375 857 3470 litterarumque
884 3373 1186 3450 universitatibus
1205 3387 1243 3448 et
1261 3376 1348 3449 artis
1368 3373 1643 3446 mathematicae
1668 3373 1818 3446 cultori-

328 3528 398 3602 bus
424 3531 539 3602 totius
565 3527 666 3601 orbis
701 3526 914 3615 offerentes,
941 3527 1066 3600 facere
1092 3551 1168 3599 non
1194 3549 1402 3624 possumus,
1430 3524 1519 3622 quin
1545 3524 1681 3621 gratias
1707 3549 1818 3621 quam

328 3683 505 3754 maximas
540 3703 691 3777 agamus
718 3702 804 3751 cum
831 3677 989 3750 Summo
1017 3677 1227 3752 Ministerio
1253 3703 1322 3774 per
1348 3675 1520 3772 Regnum
1558 3675 1817 3771 Hungaricum

327 3829 441 3901 rebus
463 3831 575 3903 sacris
594 3842 705 3926 atque
724 3827 1019 3902 institutionibus
1045 3829 1207 3928 publicis
1226 3829 1418 3927 praefecto²
1438 3829 1541 3923 quod
1560 3826 1817 3900 liberalissime

327 3981 499 4079 pecuniae
533 3981 708 4078 praesidia
742 3981 789 4052 ad
823 3977 993 4054 libellum
1029 3981 1218 4055 edendum
1254 3980 1464 4053 necessaria
1490 3977 1705 4076 praebuerit,
1737 3988 1816 4050 tum

326 4130 548 4204 Academiae
574 4130 783 4204 litterarum
811 4131 1052 4230 Hungaricae‚
1068 4134 1173 4207 cuius
1190 4134 1385 4206 voluntate
1405 4127 1565 4204 benifica
1582 4127 1664 4203 fieri
1682 4127 1816 4225 potuit,

328 4292 370 4352 ut
394 4279 635 4354 simulacrum
662 4280 831 4380 epistolae
859 4308 880 4355 a
908 4281 1062 4357 Ioanne
1089 4283 1231 4356 Borrnr
1259 4285 1304 4357 ad
1331 4297 1477 4382 patrem
1505 4281 1613 4368 datae‚
1634 4303 1718 4377 quae
1742 4303 1818 4351 ma·

327 4433 417 4504 ximi
443 4433 490 4506 ad
516 4435 735 4530 geometriae
771 4433 954 4507 absolutae
981 4433 1174 4507 historiam
1202 4435 1383 4506 momenti
1411 4447 1477 4521 est,
1505 4433 1543 4504 in
1568 4430 1674 4504 initio
1700 4429 1819 4502 libelli

328 4607 565 4680 poneremus
593 4598 672 4658 tum
699 4609 791 4659 vero
816 4585 906 4658 viris
932 4583 1155 4674 clarissimis,
1187 4583 1251 4681 qui
1277 4583 1363 4656 huic
1390 4581 1520 4655 libello
1543 4581 1817 4655 conscribendo

329 4760 482 4833 operam
509 4760 585 4809 non
612 4737 904 4836 denegaverunt.
