4426 5620
446 689 484 756 74
1093 692 1121 740 e.
1144 678 1286 742 srltcnrr

446 925 519 976 nna
549 901 698 977 valente
726 927 875 1000 semper
905 903 1096 976 reducitur
1127 904 1175 974 ad
1205 903 1280 976 vim
1314 900 1551 1000 singularem,
1584 922 1669 998 quae
1710 925 1755 973 ex
1795 911 1938 998 puncto

446 1034 642 1108 arbitrario
669 1047 856 1134 operatur,
885 1048 923 1108 et
947 1061 1016 1134 par
1041 1037 1186 1125 virium,
1223 1036 1326 1132 quod
1351 1034 1421 1108 viri
1448 1033 1624 1132 singulari
1659 1035 1859 1130 aequivalet
1884 1033 1937 1106 in·

444 1166 550 1242 finite
577 1193 715 1267 parvae,
743 1193 829 1266 quae
853 1169 1068 1244 continetur
1085 1168 1198 1266 plano
1216 1171 1254 1242 in
1273 1167 1459 1241 infinitum
1477 1182 1637 1241 remoto.
1666 1166 1736 1240 Cui
1755 1168 1803 1240 de
1821 1181 1937 1265 syste-

446 1303 555 1376 matis
573 1303 708 1376 virium
735 1301 961 1376 reducendis
980 1301 1165 1376 doctrinae
1185 1301 1358 1376 doctrina
1385 1303 1431 1376 de
1459 1301 1623 1374 motibus
1642 1299 1812 1398 corporis
1830 1301 1939 1396 rigidi

444 1433 588 1508 infinite
607 1436 729 1533 parvis
749 1435 1021 1534 componendis
1042 1436 1259 1534 respondet,
1287 1460 1381 1533 quos
1408 1449 1534 1509 motus
1552 1459 1702 1532 semper
1720 1435 1767 1506 ad
1784 1435 1936 1507 rotatio-

445 1593 533 1642 nem
560 1569 702 1642 circum
732 1593 839 1641 axem
865 1593 935 1667 per
960 1581 1143 1667 punctum
1169 1569 1407 1642 arbitrarium
1434 1580 1691 1641 transeuntem
1718 1581 1757 1641 et
1783 1566 1937 1640 transla-

446 1705 589 1776 tionem
615 1700 841 1799 singularem
868 1701 1000 1776 reduci
1025 1726 1136 1801 posse
1163 1713 1321 1776 constat.
1342 1699 1427 1796 Qua
1452 1703 1490 1775 in
1515 1726 1556 1775 re
1584 1726 1670 1776 cum
1688 1701 1795 1774 lineis
1814 1699 1936 1789 rectis,

445 1860 514 1935 per
539 1860 631 1933 quas
656 1837 754 1910 vires
772 1849 988 1935 operantur,
1008 1833 1238 1908 rotationum
1257 1847 1443 1908 arrestum
1461 1834 1613 1924 viribus,
1634 1859 1719 1932 quae
1744 1836 1937 1909 continen-

445 1983 506 2043 tur
539 1969 652 2068 plano
686 1969 725 2042 in
758 1967 944 2042 infinitum
975 1981 1134 2057 remot0,
1170 1968 1432 2042 translationes
1466 1969 1721 2066 respondent;
1757 1992 1833 2065 quo
1860 1965 1937 2040 effi-

445 2105 551 2192 citur,
587 2117 629 2176 ut
663 2103 795 2176 statica
829 2117 868 2176 et
903 2101 1124 2176 cinematica
1159 2102 1328 2199 corporis
1362 2103 1472 2198 rigidi
1499 2100 1687 2174 dualitatis
1716 2099 1936 2174 relationem

444 2235 617 2310 habeant.
646 2236 726 2310 Iam
753 2233 845 2308 illud
872 2234 1099 2338 adhibendo,
1127 2237 1230 2332 quod
1256 2235 1399 2324 Ksam,
1427 2235 1484 2308 vir
1509 2233 1790 2324 illustrissimus
1818 2233 1937 2330 (1871)

446 2369 584 2458 docuit,
612 2371 859 2468 geometriam
887 2367 1099 2442 absolutam
1126 2383 1164 2443 et
1190 2369 1374 2443 theoriam
1403 2391 1661 2443 mensurarum
1692 2368 1937 2466 proiectivam

444 2527 465 2576 a
492 2503 698 2578 clarissimo
724 2503 805 2578 viro
832 2503 988 2577 Causas
1007 2501 1125 2600 (1859)
1154 2501 1396 2576 constitutam
1422 2500 1520 2576 inter
1547 2525 1586 2576 se
1613 2501 1805 2576 cohaerere
1827 2526 1937 2575 —eo

446 2650 571 2711 autem
600 2635 804 2724 cohaerent,
833 2639 935 2735 quod
969 2661 1038 2736 pro
1066 2635 1231 2712 motibus
1266 2637 1375 2734 spatii
1401 2635 1563 2708 absoluti
1590 2633 1937 2710 transformationes

446 2771 672 2871 proiectivas
699 2795 840 2868 ponere
867 2771 966 2860 licet,
995 2770 1129 2868 quibus
1160 2767 1377 2868 superficies
1412 2771 1567 2843 secundi
1602 2769 1742 2844 ordinis
1769 2768 1937 2842 absoluta

446 2929 523 2978 non
550 2918 714 2979 mutatur
741 2949 787 2956 —
815 2929 860 2979 eo
887 2905 1137 3002 pervenimus,
1156 2916 1197 2976 ut
1215 2905 1336 3002 spatio
1360 2916 1570 2977 curvaturae
1590 2903 1796 2977 constantis
1813 2905 1935 3001 posito

445 3038 628 3112 theoriam
656 3053 825 3113 motuum
853 3039 1020 3136 corporis
1046 3038 1155 3136 rigidi
1180 3034 1324 3109 infinite
1351 3059 1551 3134 parvorum
1579 3059 1764 3109 unacum
1791 3035 1935 3108 theoria

447 3171 728 3270 compositionis
753 3173 887 3245 virium
913 3169 1056 3244 infinite
1082 3195 1294 3269 parvarum,
1315 3169 1448 3268 quibus
1467 3192 1604 3267 corpus
1631 3166 1792 3242 solidum
1820 3170 1935 3266 tangi·

445 3319 517 3396 tur,
539 3305 757 3378 admiranda
783 3307 944 3402 quadam
967 3303 1145 3378 facilitate
1165 3303 1405 3378 stabiliamus.
1425 3303 1511 3398 Qua
1528 3303 1566 3376 in
1584 3325 1625 3374 re
1645 3303 1934 3401 contemplanda

447 3441 698 3537 cognoscitur,
713 3439 751 3512 in
766 3437 984 3512 mechanica
998 3439 1169 3512 absoluta
1179 3435 1428 3510 differentiam
1444 3451 1482 3510 et
1496 3437 1594 3510 inter
1608 3439 1813 3511 rotationes
1823 3449 1934 3532 atque

447 3572 711 3646 translationes
730 3585 767 3646 et
785 3573 884 3644 inter
908 3571 1003 3644 vires
1022 3571 1227 3669 singulares
1251 3583 1362 3668 atque
1380 3573 1484 3669 paria
1501 3572 1635 3644 virium
1655 3569 1787 3658 tollita,
1810 3581 1852 3642 ut
1873 3593 1935 3643 sex

448 3707 765 3794 coordinatarum,
781 3729 866 3802 quae
886 3717 971 3778 sunt
990 3718 1028 3778 et
1046 3719 1170 3778 motus
1189 3703 1333 3778 infinite
1352 3707 1458 3803 parvi
1476 3719 1524 3794 et,
1541 3718 1583 3778 ut
1601 3728 1688 3778 cum
1702 3702 1934 3777 PLtlcnunro

447 3839 580 3927 dicam,
609 3839 815 3936 dynameos
841 3836 985 3911 infinite
1011 3862 1150 3937 parvae,
1187 3862 1423 3935 unaquaeque
1451 3853 1596 3912 ceteras
1631 3838 1795 3936 quinque
1822 3836 1935 3934 aequi-

446 3985 556 4070 peret
590 3985 628 4044 et
662 3971 761 4044 idem
796 3972 852 4044 ius
886 3970 1034 4045 habeat.
1071 3969 1245 4062 Perinde,
1272 3985 1315 4046 ut
1340 3971 1412 4047 hoc
1439 3973 1668 4071 praecipiam,
1695 3975 1733 4046 in
1769 3971 1935 4070 corporis

446 4106 556 4202 rigidi
591 4106 751 4180 cinctica
786 4105 959 4179 absoluta
992 4129 1061 4202 pro
1097 4105 1216 4178 tribus
1242 4104 1497 4194 theorematis
1530 4075 1615 4202 qum
1642 4121 1730 4180 sunt
1755 4107 1803 4180 de
1830 4119 1934 4180 motu

447 4241 567 4314 centri
594 4240 796 4337 gravitatis,
816 4251 854 4312 et
871 4263 940 4337 pro
959 4238 1078 4312 tribus
1097 4239 1353 4327 theorematis,
1378 4263 1463 4336 quae
1482 4253 1569 4312 sunt
1595 4240 1643 4312 de
1670 4265 1816 4312 summa
1834 4263 1934 4312 area·

446 4397 529 4445 rum
569 4373 855 4470 descriptarum,
892 4397 955 4446 sex
993 4373 1228 4446 theoremata
1266 4397 1305 4446 se
1345 4374 1615 4471 aequiperantia
1657 4373 1833 4470 idemque
1881 4375 1934 4446 ius

445 4505 622 4578 habentia
639 4505 888 4579 stabiliuntur.
916 4504 967 4577 Et
993 4529 1078 4578 cum
1105 4507 1143 4578 in
1170 4505 1389 4581 mechanica
1407 4505 1609 4581 Eucuuaa
1627 4531 1728 4604 saepe
1746 4503 1823 4596 fiat,
1838 4519 1881 4579 ut
1898 4519 1935 4580 et

446 4637 708 4713 translationes
735 4654 774 4714 et
799 4641 1006 4713 rotationes
1033 4641 1232 4737 separatim
1252 4639 1515 4737 disquirantur,
1535 4642 1573 4714 in
1591 4637 1812 4713 mechanica
1830 4639 1934 4713 abso·
