4386 5624
447 681 485 758 36
1053 698 1081 741 1..
1103 697 1329 745 scurusnroun

446 904 559 1002 plano
586 903 629 976 F
648 904 938 1001 polygonorum‚
963 925 1048 998 quae
1068 925 1154 975 cum
1184 907 1265 1001 Φηρ
1289 915 1511 1000 congruunt,
1539 903 1739 977 reticulum
1767 903 1938 1002 adipisci·

446 1062 540 1110 mur.
568 1035 626 1108 Ex
652 1038 808 1126 ratione,
837 1037 941 1110 cuius
968 1047 1076 1108 autor
1102 1033 1152 1108 ill.
1181 1035 1508 1128 P01ucnn1iest,*
1541 1049 1584 1110 ut
1617 1037 1665 1110 ad
1700 1061 1838 1127 casum,
1874 1038 1939 1110 ubi

445 1168 678 1268 polygonum
704 1169 743 1242 in
769 1169 882 1268 plano
908 1171 1126 1242 Bosunmno
1153 1170 1306 1258 exsistit,
1334 1171 1385 1242 ita
1414 1170 1452 1243 in
1478 1170 1704 1260 universum,
1739 1168 1819 1244 ficti
1851 1171 1939 1244 reti·

448 1303 524 1377 culi
550 1303 749 1401 polygonis
775 1316 897 1377 totum
918 1303 1070 1401 planum
1097 1304 1398 1402 simpliciter
1424 1329 1474 1378 ac
1501 1305 1604 1377 sine
1631 1303 1822 1378 lacunis
1850 1327 1938 1378 con·

445 1439 522 1534 tegi
548 1437 697 1510 ostendi
722 1448 859 1535 potest.

519 1566 824 1645 Translationum
851 1571 1126 1643 coniunctionis
1153 1569 1188 1644 G
1214 1570 1382 1667 qualitas,
1403 1595 1487 1668 quae
1515 1595 1560 1644 ex
1586 1571 1699 1644 rebus
1724 1570 1797 1644 hoc
1824 1573 1939 1646 modo

447 1703 609 1778 inventis
637 1706 886 1800 cognoscitur,
916 1705 1192 1777 coniunctionis
1227 1703 1261 1778 G
1287 1705 1680 1778 discontinuitas
1715 1704 1937 1803 appellatur,

447 1850 489 1911 ut
515 1837 726 1911 necessaria
752 1851 790 1910 et
816 1834 1005 1910 sufficiens
1033 1835 1217 1926 condicio,
1242 1861 1315 1933 qua
1333 1839 1619 1911 translationum
1638 1837 1855 1911 coniunctio
1872 1862 1939 1935 po·

446 1972 586 2070 lygono
612 1969 772 2044 normali
802 1975 882 2070 ab„
906 1969 1061 2044 definita
1087 1973 1133 2044 sit
1160 1972 1407 2059 discontinua,
1428 1994 1472 2042 ea
1497 1993 1538 2042 re
1566 1973 1814 2058 contineatur,
1835 1971 1936 2068 quod

447 2105 669 2203 angulorum
695 2103 734 2176 in
761 2103 886 2201 anguli
910 2117 1139 2202 punctorum
1166 2101 1293 2202 cyclos
1320 2105 1553 2178 nascentium
1576 2127 1735 2177 summae
1762 2117 1827 2178 aut
1853 2129 1937 2177 eva-

448 2251 617 2326 nescunt,
638 2250 701 2310 aut
726 2235 841 2335 ipsius
867 2257 920 2311 an
946 2237 1122 2335 aliquotae
1148 2249 1275 2334 partes
1293 2249 1388 2326 sunt,
1409 2261 1476 2310 seu
1501 2237 1678 2326 breviter,
1700 2263 1743 2311 ea
1760 2262 1812 2328 re,
1835 2239 1936 2336 quod

448 2371 625 2468 ellipticae
648 2371 746 2445 inter
765 2371 1050 2445 substitutiones
1068 2369 1369 2444 fundamentales
1386 2369 1457 2458 A„
1470 2425 1478 2443 .
1491 2427 1498 2445 .
1512 2425 1535 2458 .,
1551 2371 1608 2454 A,
1618 2373 1822 2469 periodicas
1838 2384 1933 2445 sunt.

520 2501 561 2576 Si
590 2510 669 2603 Q
694 2507 732 2578 in
758 2504 871 2603 plano
894 2501 1171 2578 Rnnmniano
1190 2505 1341 2592 exsistit,
1359 2527 1444 2576 cum
1462 2505 1577 2577 totius
1596 2504 1697 2602 plani
1718 2503 1938 2578 Rrsnnnui·

446 2641 506 2712 ani
533 2661 619 2711 area
640 2635 747 2711 finito
765 2636 893 2711 valore
919 2605 999 2752 Anc-
1025 2639 1082 2726 sit,
1110 2650 1152 2710 ut
1184 2635 1332 2712 reticuli
1366 2637 1645 2736 polygonorum
1672 2661 1860 2727 numeruS,
1887 2639 1939 2711 ita

448 2773 696 2846 discontinuae
730 2771 1015 2845 translationum
1051 2771 1325 2844 coniunctionis
1355 2769 1391 2843 G
1416 2769 1724 2846 substitutionum
1759 2794 1938 2844 numerus

447 2903 573 2978 finitus
595 2919 663 2994 est,
692 2917 803 3003 atque
829 2906 868 2977 in
895 2903 1042 2977 casibus
1072 2925 1199 2998 1.—4.,
1227 2903 1296 2977 Nr.
1324 2901 1394 2978 III.
1422 2918 1480 2978 est
1506 2903 1661 3002 aequalis
1688 2925 1767 3001 2g3,
1799 2925 1853 2994 12,
1883 2926 1939 3000 24,

448 3036 514 3130 605
551 3063 636 3112 cum
670 3038 762 3112 item
798 3038 951 3137 planum
982 3037 1311 3128 Rruunuuianum,
1336 3038 1441 3110 cuius
1476 3051 1687 3111 curvaturae
1723 3062 1940 3112 mensurae

448 3183 515 3260 est,
543 3195 693 3270 semper
718 3173 755 3244 in
786 3171 972 3270 sphaeram
998 3171 1192 3244 Eucmum
1224 3171 1332 3268 spatii
1365 3183 1443 3243 tres
1477 3171 1731 3244 dimensiones
1765 3169 1938 3246 habentis

447 3304 598 3380 devolvi
623 3306 750 3404 possit,
778 3306 851 3379 hoc
877 3305 992 3379 modo
1027 3305 1073 3378 ad
1101 3329 1183 3378 eam
1213 3305 1409 3393 rationem,
1438 3327 1510 3402 qua
1536 3303 1695 3402 sphaerae
1723 3302 1939 3403 superficies

447 3440 485 3511 in
510 3439 701 3537 polygona
726 3439 910 3538 sphaerica
938 3463 980 3512 ac
1007 3440 1252 3537 congruentia
1278 3438 1394 3512 dividi
1419 3449 1556 3536 potest,
1585 3439 1887 3536 pervenimus&

520 3570 562 3644 Si
587 3590 682 3666 ego
708 3585 775 3662 est,
802 3585 844 3645 ut
868 3573 1016 3647 reticuli
1041 3573 1319 3671 polygonorum
1345 3595 1533 3660 numerus,
1561 3571 1611 3644 ita
1650 3597 1828 3646 numerus
1854 3573 1939 3646 sub·

448 3704 684 3780 stitutionum
712 3705 960 3780 discontinuae
986 3706 1272 3779 translationum
1304 3707 1578 3778 coniunctionis
1605 3705 1640 3778 G
1664 3704 1808 3780 infinite
1840 3731 1938 3804 mag·

449 3863 517 3912 nus
532 3853 598 3912 est.
615 3839 672 3914 Ut
689 3839 886 3937 problema
901 3839 929 3912 I.
945 3863 1202 3936 exsequamur,
1222 3837 1331 3912 nobis
1350 3837 1627 3912 ostendendum
1646 3853 1713 3926 est,
1730 3839 1939 3937 complexae

448 3971 633 4046 variabilis
665 4003 687 4070 'l
716 3997 970 4072 monogeneas
998 3971 1176 4046 exsistere
1202 3973 1425 4062 functiones,
1445 3997 1530 4070 quae
1549 3974 1647 4045 intra
1673 3979 1753 4072 Q
1779 3973 1940 4046 rationa-

448 4103 539 4177 lium
557 4107 794 4180 functionum
812 4109 888 4181 vim
906 4107 1047 4180 habent
1073 4119 1111 4180 et
1136 4131 1293 4204 quarum
1311 4107 1459 4180 valores
1485 4109 1523 4180 in
1551 4106 1936 4204 correspondentibus

450 4241 736 4335 congruentium
754 4241 869 4339 ipsius
891 4247 971 4338 fiap
990 4241 1149 4314 laterum
1167 4242 1316 4338 punctis
1335 4241 1575 4314 conveniunt.
1585 4235 1698 4314 Tales
1713 4238 1939 4329 functiones,

520 4484 619 4534 *Acta
635 4485 835 4545 Mathematica,
853 4491 915 4536 torn.
934 4487 955 4544 1,
980 4499 1040 4550 pag.
1057 4499 1101 4550 27:
1120 4485 1161 4536 Ci.
1180 4485 1336 4537 Handbuch
1361 4485 1409 4536 der
1423 4486 1539 4536 Theorie
1562 4487 1610 4536 der
1625 4486 1743 4538 linearen
1761 4485 1941 4539 Differential·

448 4573 629 4638 gleichungen,
647 4581 711 4624 tom.
730 4576 765 4624 11.
784 4589 852 4638 pars.
871 4576 905 4624 ΙΙ.
925 4573 1034 4640 (Lipsiae
1053 4575 1131 4639 1898.)
1152 4590 1209 4639 pag.
1230 4591 1282 4638 104.
1301 4589 1359 4639 squ.

505 4663 535 4697 **
553 4663 695 4720 Scnwsnz,
712 4663 822 4729 Journal
838 4662 881 4712 fur
897 4663 1082 4714 Mathematik.
1104 4664 1219 4728 (Crede),
1237 4671 1300 4714 tom.
1317 4677 1356 4726 75,
1373 4679 1433 4729 pag.
1450 4677 1505 4726 292.
