4386 5624
450 698 488 762 42
1065 697 1093 742 c.
1114 693 1338 742 senessmonn

525 905 583 980 Ill.
611 905 819 980 Pomcnnd
841 905 976 978 seriem
995 901 1052 1000 (1),
1073 927 1185 1001 quam
1213 905 1389 976 seriem
1423 897 1945 974 Theta-Fucrrsianam

451 1039 669 1140 designavit,
706 1040 851 1113 duabus
886 1037 1042 1111 diversis
1076 1037 1282 1110 rationibus
1321 1047 1616 1133 convergentem
1643 1057 1724 1108 esse
1752 1032 1944 1130 probavit;

453 1177 601 1273 utrique
634 1197 834 1246 commune
870 1183 926 1244 est
960 1171 1010 1261 id,
1047 1194 1123 1266 quo
1158 1169 1268 1243 seriei
1303 1167 1348 1264 (1)
1384 1169 1691 1265 convergentiam
1730 1192 1751 1240 a
1791 1188 1945 1240 conver-

451 1308 577 1406 gentia
604 1308 714 1381 seriei

1083 1413 1103 1438 υ
1166 1429 1270 1524 ἅιςνη
1302 1443 1328 1475 m

453 1493 498 1590 (³)
1058 1436 1301 1642 Eiet)

1057 1629 1117 1667 v=0

452 1797 669 1894 dependere
697 1799 986 1871 demonstratur.

525 1928 634 2002 Prior
652 1929 837 2029 probandi
858 1930 955 2003 ratio
980 1930 1173 2029 praecipue
1201 1953 1244 2002 ea
1270 1953 1311 2002 re
1332 1929 1473 2018 nititur,
1494 1929 1596 2026 quod
1615 1927 1767 2026 planum
1786 1927 1945 2001 Bormu-

455 2086 566 2136 anum
595 2061 631 2152 S,
651 2063 782 2160 inquo
804 2063 1037 2161 polygonum
1058 2068 1138 2160 digp
1163 2061 1390 2151 continetur,
1410 2061 1448 2134 in
1466 2060 1618 2161 planum
1639 2059 1882 2134 Euenrnnum
1902 2065 1944 2146 Σ,

453 2197 559 2269 cuius
586 2192 817 2270 elementum
844 2194 983 2270 lineare
1010 2197 1057 2269 ds
1085 2199 1297 2294 aequatione

940 2415 1185 2516 ds=idql=
1201 2405 1453 2518 tsdp²÷dq²

455 2663 671 2738 expressum
692 2654 758 2731 est,
778 2641 828 2714 ita
848 2641 1093 2716 conformiter
1110 2656 1413 2740 repraesentatur,
1429 2655 1471 2716 ut
1488 2641 1590 2740 plani
1606 2641 1635 2714 S
1649 2641 1814 2715 realibus
1828 2665 1946 2738 punc·

454 2773 500 2846 tis
520 2771 695 2846 omnibus
715 2774 817 2873 plani
841 2782 881 2849 Σ
894 2789 1035 2874 puncta
1052 2776 1148 2850 intra
1167 2775 1350 2850 circulum
1366 2773 1423 2872 (2),
1439 2775 1588 2874 punctis
1604 2786 1728 2848 autem
1746 2773 1848 2872 plani
1868 2773 1898 2847 S
1908 2775 1943 2846 in

452 2902 639 2979 infinitum
658 2910 813 2981 remotis
832 2908 962 2983 circuli
982 2907 1026 3005 (2)
1046 2909 1272 3008 peripheriae
1297 2917 1488 3008 Spuncta
1505 2908 1770 3006 respondeant.
1798 2905 1840 2980 Si
1865 2921 1944 2982 tum

453 3063 484 3112 e.
512 3065 547 3136 g.
575 3042 717 3114 circum
743 3055 925 3140 punctum
952 3071 984 3138 η,
1013 3043 1116 3140 quod
1133 3045 1231 3117 intra
1249 3068 1331 3116 eam
1350 3041 1452 3141 plani
1470 3050 1504 3116 Σ
1520 3041 1714 3140 regionem
1744 3025 1824 3142 ὂψ
1846 3044 1945 3140 posi-

453 3185 533 3246 tum
561 3173 618 3258 sit,
647 3197 732 3271 quae
758 3175 950 3274 polygono
980 3181 1060 3276 ΦΜ,
1083 3178 1300 3275 respondet,
1321 3175 1482 3273 aliquam
1509 3187 1655 3274 partem
1683 3173 1726 3256 c,
1751 3175 1944 3250 limitatam

454 3329 547 3397 esse,
576 3331 661 3404 quae
696 3305 794 3382 intra
822 3293 901 3408 5,sp
926 3321 1004 3384 tota
1030 3311 1100 3383 sita
1127 3311 1184 3398 sit,
1202 3307 1377 3408 fingimus
1405 3323 1443 3382 et
1469 3309 1498 3382 si
1524 3333 1656 3383 omnes
1681 3311 1855 3406 regiones
1885 3309 1943 3396 o,

453 3463 539 3536 quae
567 3465 612 3514 ex
646 3439 690 3524 C„
714 3441 1040 3516 substitutionibus
1067 3441 1112 3524 S„
1136 3443 1332 3543 applicatis
1358 3444 1557 3542 prodeunt,
1590 3441 1834 3533 delineamus,
1862 3443 1944 3516 haec

456 3585 606 3646 cunctae
632 3573 730 3646 intra
757 3575 939 3648 circulum
967 3574 1013 3672 (2)
1040 3589 1125 3650 sunt
1152 3602 1275 3674 neque
1311 3603 1356 3651 ex
1390 3576 1665 3651 coniunctionis
1700 3577 1736 3651 G
1768 3579 1945 3651 disconti-

454 3704 607 3796 nuitate,
627 3705 710 3780 aliae
729 3707 818 3782 alias
837 3723 1041 3807 contegere
1060 3724 1227 3808 possunt,
1247 3711 1373 3807 itaque
1397 3724 1477 3784 tota
1503 3735 1631 3786 earum
1658 3735 1840 3800 arearum,
1861 3735 1944 3809 quae

455 3840 700 3934 egeometria
718 3839 926 3914 Eucnrnea
953 3856 1179 3916 mensuratae
1207 3857 1304 3932 sunt,
1325 3869 1479 3933 summa,
1507 3869 1593 3918 cum
1612 3844 1735 3919 minor
1760 3844 1808 3918 sit
1834 3869 1945 3941 quam

455 3971 586 4044 circuli
612 3971 658 4068 (2)
685 3997 781 4061 area,
810 3973 979 4048 valorem
1006 3975 1121 4048 habet
1146 3973 1313 4069 finitum,
1349 4003 1423 4074 qua
1458 4003 1502 4052 ex
1535 4003 1576 4052 re
1604 3993 1739 4076 sponte
1765 3978 1944 4076 sequitur,

456 4115 497 4176 ut
523 4107 637 4178 series
665 4103 710 4200 (3)
739 4130 970 4205 convergens
998 4109 1056 4181 sit.

527 4235 662 4310 Altera
687 4240 873 4336 probandi
898 4242 993 4315 ratio
1018 4240 1121 4339 plani
1147 4243 1351 4316 Boumrani
1378 4243 1409 4318 S
1431 4269 1604 4319 mensura
1622 4245 1701 4320 sola
1719 4247 1846 4320 utitur.
1866 4245 1945 4322 Cir·

455 4367 625 4442 culorum
644 4373 758 4446 series
775 4371 833 4461 C„
856 4372 913 4464 C„
927 4429 934 4446 .
947 4430 976 4447 ..
999 4373 1050 4448 ita
1068 4377 1288 4467 delineetur,
1304 4391 1345 4450 ut
1359 4400 1559 4451 commune
1578 4377 1621 4452 iis
1640 4391 1812 4454 centrum
1830 4403 1946 4479 punc·

453 4515 534 4576 tum
569 4525 682 4600 q=o
715 4503 771 4594 sit,
800 4531 959 4603 quorum
994 4507 1087 4580 radii
1114 4535 1134 4583 e
1160 4513 1369 4608 geometria
1395 4512 1609 4586 Boemana
1634 4513 1839 4587 mensurati
1860 4537 1945 4613 pro·

454 4639 644 4732 gressione
663 4637 897 4714 arithmetica
920 4655 1102 4716 crescant.
1130 4642 1170 4717 Si
1192 4643 1249 4728 U„
1275 4645 1384 4720 seriei
1403 4642 1449 4741 (3)
1468 4671 1599 4720 eorum
1617 4649 1876 4740 terminorum,
1900 4649 1946 4724 ad
