<?xml version="1.0" encoding="UTF-8"?>
<!DOCTYPE html PUBLIC "-//W3C//DTD XHTML 1.0 Transitional//EN"
    "http://www.w3.org/TR/xhtml1/DTD/xhtml1-transitional.dtd">
<html xmlns="http://www.w3.org/1999/xhtml" xml:lang="en" lang="en">
 <head>
  <title>
</title>
<meta http-equiv="Content-Type" content="text/html;charset=utf-8" />
  <meta name='ocr-system' content='tesseract 3.04.00' />
  <meta name='ocr-capabilities' content='ocr_page ocr_carea ocr_par ocr_line ocrx_word'/>
</head>
<body>
  <div class='ocr_page' id='page_1' title='image "./libelluspostsae01schlgoog_0037.png"; bbox 0 0 4386 5624; ppageno 0'>
   <div class='ocr_carea' id='block_1_1' title="bbox 427 691 1305 740">
    <p class='ocr_par' dir='ltr' id='par_1_1' title="bbox 427 691 1305 740">
     <span class='ocr_line' id='line_1_1' title="bbox 427 691 1305 740; baseline -0.003 -1"><span class='ocrx_word' id='word_1_1' title='bbox 427 695 461 740; x_wconf 86' lang='lat'>12</span> <span class='ocrx_word' id='word_1_2' title='bbox 1030 693 1058 736; x_wconf 83' lang='lat' dir='ltr'>L.</span> <span class='ocrx_word' id='word_1_3' title='bbox 1080 691 1305 736; x_wconf 73' lang='lat' dir='ltr'>scutusrttctttt</span> 
     </span>
    </p>
   </div>
   <div class='ocr_carea' id='block_1_2' title="bbox 425 895 1918 1399">
    <p class='ocr_par' dir='ltr' id='par_1_2' title="bbox 425 895 1918 1399">
     <span class='ocr_line' id='line_1_2' title="bbox 425 895 1914 998; baseline 0 -26"><span class='ocrx_word' id='word_1_4' title='bbox 425 898 508 998; x_wconf 79' lang='lat' dir='ltr'>F„</span> <span class='ocrx_word' id='word_1_5' title='bbox 525 911 667 998; x_wconf 90' lang='lat' dir='ltr'>puncto</span> <span class='ocrx_word' id='word_1_6' title='bbox 690 900 754 971; x_wconf 91' lang='lat' dir='ltr'>uni</span> <span class='ocrx_word' id='word_1_7' title='bbox 776 897 977 995; x_wconf 83' lang='lat' dir='ltr'>eidemque</span> <span class='ocrx_word' id='word_1_8' title='bbox 1000 897 1244 995; x_wconf 88' lang='lat' dir='ltr'>respondent,</span> <span class='ocrx_word' id='word_1_9' title='bbox 1259 909 1301 971; x_wconf 94' lang='lat' dir='ltr'>ut</span> <span class='ocrx_word' id='word_1_10' title='bbox 1315 895 1558 988; x_wconf 65' lang='lat' dir='ltr'>Pomorum,</span> <span class='ocrx_word' id='word_1_11' title='bbox 1578 898 1758 988; x_wconf 89' lang='lat' dir='ltr'>dicemus,</span> <span class='ocrx_word' id='word_1_12' title='bbox 1778 909 1819 971; x_wconf 89' lang='lat' dir='ltr'>ut</span> <span class='ocrx_word' id='word_1_13' title='bbox 1837 922 1914 972; x_wconf 89' lang='lat' dir='ltr'>orn·</span> 
     </span>
     <span class='ocr_line' id='line_1_3' title="bbox 426 1027 1915 1132; baseline 0.001 -28"><span class='ocrx_word' id='word_1_14' title='bbox 426 1034 481 1104; x_wconf 92' lang='lat' dir='ltr'>nis</span> <span class='ocrx_word' id='word_1_15' title='bbox 500 1031 656 1128; x_wconf 90' lang='lat' dir='ltr'>angulus</span> <span class='ocrx_word' id='word_1_16' title='bbox 674 1033 724 1120; x_wconf 54' lang='lat' dir='ltr'>la,</span> <span class='ocrx_word' id='word_1_17' title='bbox 745 1031 809 1105; x_wconf 93' lang='lat' dir='ltr'>ubi</span> <span class='ocrx_word' id='word_1_18' title='bbox 828 1033 1026 1128; x_wconf 88' lang='lat' dir='ltr'>coniugata</span> <span class='ocrx_word' id='word_1_19' title='bbox 1043 1031 1160 1106; x_wconf 87' lang='lat' dir='ltr'>latera</span> <span class='ocrx_word' id='word_1_20' title='bbox 1177 1052 1235 1132; x_wconf 58' lang='lat' dir='ltr'>cf,</span> <span class='ocrx_word' id='word_1_21' title='bbox 1253 1039 1296 1132; x_wconf 66' lang='grc' dir='ltr'>εἶ</span> <span class='ocrx_word' id='word_1_22' title='bbox 1323 1030 1508 1105; x_wconf 90' lang='lat' dir='ltr'>collidunt</span> <span class='ocrx_word' id='word_1_23' title='bbox 1535 1027 1649 1126; x_wconf 78' lang='lat' dir='ltr'>(a&#39;=1,</span> <span class='ocrx_word' id='word_1_24' title='bbox 1665 1053 1698 1122; x_wconf 87' lang='lat'>2,</span> <span class='ocrx_word' id='word_1_25' title='bbox 1711 1087 1718 1104; x_wconf 94' lang='lat'><strong>.</strong></span> <span class='ocrx_word' id='word_1_26' title='bbox 1732 1087 1739 1104; x_wconf 95' lang='lat'><strong>.</strong></span> <span class='ocrx_word' id='word_1_27' title='bbox 1753 1087 1777 1121; x_wconf 91' lang='lat'>.,</span> <span class='ocrx_word' id='word_1_28' title='bbox 1792 1033 1915 1128; x_wconf 86' lang='lat' dir='ltr'>r-r),</span> 
     </span>
     <span class='ocr_line' id='line_1_4' title="bbox 425 1162 1917 1265; baseline 0.003 -27"><span class='ocrx_word' id='word_1_29' title='bbox 425 1189 494 1263; x_wconf 91' lang='lat' dir='ltr'>per</span> <span class='ocrx_word' id='word_1_30' title='bbox 520 1189 559 1238; x_wconf 87' lang='lat' dir='ltr'>se</span> <span class='ocrx_word' id='word_1_31' title='bbox 586 1165 707 1262; x_wconf 90' lang='lat' dir='ltr'>ipsum</span> <span class='ocrx_word' id='word_1_32' title='bbox 735 1163 885 1262; x_wconf 88' lang='lat' dir='ltr'>cyclum</span> <span class='ocrx_word' id='word_1_33' title='bbox 904 1162 1053 1254; x_wconf 85' lang='lat' dir='ltr'>efficiat,</span> <span class='ocrx_word' id='word_1_34' title='bbox 1073 1189 1160 1239; x_wconf 92' lang='lat' dir='ltr'>cum</span> <span class='ocrx_word' id='word_1_35' title='bbox 1184 1169 1302 1240; x_wconf 89' lang='lat' dir='ltr'>ceteri</span> <span class='ocrx_word' id='word_1_36' title='bbox 1319 1165 1454 1262; x_wconf 90' lang='lat' dir='ltr'>anguli,</span> <span class='ocrx_word' id='word_1_37' title='bbox 1474 1167 1538 1262; x_wconf 94' lang='lat' dir='ltr'>qui</span> <span class='ocrx_word' id='word_1_38' title='bbox 1556 1190 1688 1240; x_wconf 88' lang='lat' dir='ltr'>omnes</span> <span class='ocrx_word' id='word_1_39' title='bbox 1705 1167 1820 1265; x_wconf 90' lang='lat' dir='ltr'>ipsius</span> <span class='ocrx_word' id='word_1_40' title='bbox 1833 1167 1917 1265; x_wconf 79' lang='lat' dir='ltr'>F„</span> 
     </span>
     <span class='ocr_line' id='line_1_5' title="bbox 426 1297 1918 1399; baseline -0.001 -26"><span class='ocrx_word' id='word_1_41' title='bbox 426 1312 568 1399; x_wconf 88' lang='lat' dir='ltr'>puncto</span> <span class='ocrx_word' id='word_1_42' title='bbox 595 1324 638 1382; x_wconf 66' lang='lat' dir='ltr'>a,</span> <span class='ocrx_word' id='word_1_43' title='bbox 658 1299 900 1397; x_wconf 88' lang='lat' dir='ltr'>respondent,</span> <span class='ocrx_word' id='word_1_44' title='bbox 929 1299 1122 1372; x_wconf 90' lang='lat' dir='ltr'>coniuncti</span> <span class='ocrx_word' id='word_1_45' title='bbox 1157 1297 1307 1397; x_wconf 87' lang='lat' dir='ltr'>cyclum</span> <span class='ocrx_word' id='word_1_46' title='bbox 1341 1297 1517 1374; x_wconf 86' lang='lat' dir='ltr'>efficiant.</span> <span class='ocrx_word' id='word_1_47' title='bbox 1545 1299 1630 1373; x_wconf 87' lang='lat' dir='ltr'>Hos</span> <span class='ocrx_word' id='word_1_48' title='bbox 1665 1299 1820 1398; x_wconf 85' lang='lat' dir='ltr'>angulos</span> <span class='ocrx_word' id='word_1_49' title='bbox 1849 1322 1918 1398; x_wconf 92' lang='lat' dir='ltr'>per</span> 
     </span>
    </p>
   </div>
   <div class='ocr_carea' id='block_1_3' title="bbox 1140 1484 1810 1594">
    <p class='ocr_par' dir='ltr' id='par_1_3' title="bbox 1140 1484 1810 1594">
     <span class='ocr_line' id='line_1_6' title="bbox 1140 1484 1810 1594; baseline 0.063 -51"><span class='ocrx_word' id='word_1_50' title='bbox 1140 1484 1196 1594; x_wconf 49' lang='grc' dir='ltr'>λε’)</span> <span class='ocrx_word' id='word_1_51' title='bbox 1470 1519 1547 1581; x_wconf 77' lang='lat' dir='ltr'>(i=1,</span> <span class='ocrx_word' id='word_1_52' title='bbox 1556 1533 1579 1577; x_wconf 84' lang='lat'>2.</span> <span class='ocrx_word' id='word_1_53' title='bbox 1591 1558 1596 1569; x_wconf 90' lang='lat'><em>.</em></span> <span class='ocrx_word' id='word_1_54' title='bbox 1608 1560 1613 1569; x_wconf 93' lang='lat'><em>.</em></span> <span class='ocrx_word' id='word_1_55' title='bbox 1624 1559 1628 1569; x_wconf 86' lang='lat'>-</span> <span class='ocrx_word' id='word_1_56' title='bbox 1639 1559 1644 1576; x_wconf 90' lang='lat'>.</span> <span class='ocrx_word' id='word_1_57' title='bbox 1654 1519 1810 1586; x_wconf 71' lang='lat' dir='ltr'>4p†l⁷-¹ll</span> 
     </span>
    </p>
   </div>
   <div class='ocr_carea' id='block_1_4' title="bbox 425 1699 1924 4470">
    <p class='ocr_par' dir='ltr' id='par_1_4' title="bbox 425 1699 1919 3136">
     <span class='ocr_line' id='line_1_7' title="bbox 427 1699 1916 1798; baseline 0 -24"><span class='ocrx_word' id='word_1_58' title='bbox 427 1703 675 1798; x_wconf 82' lang='lat' dir='ltr'>designamus,</span> <span class='ocrx_word' id='word_1_59' title='bbox 691 1714 803 1798; x_wconf 88' lang='lat' dir='ltr'>atque</span> <span class='ocrx_word' id='word_1_60' title='bbox 817 1701 880 1788; x_wconf 91' lang='lat' dir='ltr'>ita,</span> <span class='ocrx_word' id='word_1_61' title='bbox 896 1713 937 1772; x_wconf 97' lang='lat' dir='ltr'>ut</span> <span class='ocrx_word' id='word_1_62' title='bbox 950 1701 1065 1797; x_wconf 93' lang='lat' dir='ltr'>ipsius</span> <span class='ocrx_word' id='word_1_63' title='bbox 1080 1717 1122 1798; x_wconf 64' lang='lat' dir='ltr'><strong>ss</strong></span> <span class='ocrx_word' id='word_1_64' title='bbox 1141 1711 1322 1796; x_wconf 90' lang='lat' dir='ltr'>punctum</span> <span class='ocrx_word' id='word_1_65' title='bbox 1339 1711 1561 1788; x_wconf 85' lang='lat' dir='ltr'>extremum,</span> <span class='ocrx_word' id='word_1_66' title='bbox 1582 1700 1683 1797; x_wconf 94' lang='lat' dir='ltr'>quod</span> <span class='ocrx_word' id='word_1_67' title='bbox 1698 1723 1718 1771; x_wconf 91' lang='lat' dir='ltr'>a</span> <span class='ocrx_word' id='word_1_68' title='bbox 1731 1699 1767 1780; x_wconf 64' lang='lat' dir='ltr'>t,</span> <span class='ocrx_word' id='word_1_69' title='bbox 1783 1699 1916 1791; x_wconf 86' lang='lat' dir='ltr'>differt,</span> 
     </span>
     <span class='ocr_line' id='line_1_8' title="bbox 425 1811 1916 1930; baseline -0.001 -21"><span class='ocrx_word' id='word_1_70' title='bbox 425 1815 482 1928; x_wconf 62' lang='lat' dir='ltr'>llJl</span> <span class='ocrx_word' id='word_1_71' title='bbox 501 1834 726 1922; x_wconf 91' lang='lat' dir='ltr'>nominetur,</span> <span class='ocrx_word' id='word_1_72' title='bbox 751 1846 953 1930; x_wconf 89' lang='lat' dir='ltr'>ceteraque</span> <span class='ocrx_word' id='word_1_73' title='bbox 980 1811 1037 1923; x_wconf 57' lang='lat' dir='ltr'>llll</span> <span class='ocrx_word' id='word_1_74' title='bbox 1063 1832 1206 1920; x_wconf 86' lang='lat' dir='ltr'>ordine,</span> <span class='ocrx_word' id='word_1_75' title='bbox 1227 1832 1291 1928; x_wconf 92' lang='lat' dir='ltr'>qui</span> <span class='ocrx_word' id='word_1_76' title='bbox 1315 1833 1573 1906; x_wconf 86' lang='lat' dir='ltr'>crescentibus</span> <span class='ocrx_word' id='word_1_77' title='bbox 1598 1837 1764 1908; x_wconf 90' lang='lat' dir='ltr'>numeris</span> <span class='ocrx_word' id='word_1_78' title='bbox 1789 1838 1808 1909; x_wconf 84' lang='lat' dir='ltr'>i</span> <span class='ocrx_word' id='word_1_79' title='bbox 1830 1859 1916 1910; x_wconf 92' lang='lat' dir='ltr'>con·</span> 
     </span>
     <span class='ocr_line' id='line_1_9' title="bbox 426 1964 1916 2069; baseline -0.001 -27"><span class='ocrx_word' id='word_1_80' title='bbox 426 1970 576 2042; x_wconf 89' lang='lat' dir='ltr'>stitutus</span> <span class='ocrx_word' id='word_1_81' title='bbox 611 1982 678 2058; x_wconf 87' lang='lat' dir='ltr'>est,</span> <span class='ocrx_word' id='word_1_82' title='bbox 710 1966 891 2066; x_wconf 87' lang='lat' dir='ltr'>polygoni</span> <span class='ocrx_word' id='word_1_83' title='bbox 931 1965 1193 2038; x_wconf 88' lang='lat' dir='ltr'>limitationem</span> <span class='ocrx_word' id='word_1_84' title='bbox 1233 1964 1271 2038; x_wconf 91' lang='lat' dir='ltr'>in</span> <span class='ocrx_word' id='word_1_85' title='bbox 1310 1967 1521 2062; x_wconf 86' lang='lat' dir='ltr'>negativam</span> <span class='ocrx_word' id='word_1_86' title='bbox 1558 1967 1805 2042; x_wconf 90' lang='lat' dir='ltr'>directionem</span> <span class='ocrx_word' id='word_1_87' title='bbox 1833 1994 1916 2069; x_wconf 88' lang='lat' dir='ltr'>per-</span> 
     </span>
     <span class='ocr_line' id='line_1_10' title="bbox 427 2098 1917 2198; baseline 0.001 -23"><span class='ocrx_word' id='word_1_88' title='bbox 427 2101 626 2189; x_wconf 90' lang='lat' dir='ltr'>currendo,</span> <span class='ocrx_word' id='word_1_89' title='bbox 650 2100 867 2174; x_wconf 87' lang='lat' dir='ltr'>succedant.</span> <span class='ocrx_word' id='word_1_90' title='bbox 903 2100 969 2172; x_wconf 91' lang='lat' dir='ltr'>Ad</span> <span class='ocrx_word' id='word_1_91' title='bbox 1006 2098 1120 2196; x_wconf 92' lang='lat' dir='ltr'>ipsius</span> <span class='ocrx_word' id='word_1_92' title='bbox 1157 2105 1240 2197; x_wconf 59' lang='grc' dir='ltr'>Φ,,ρ</span> <span class='ocrx_word' id='word_1_93' title='bbox 1273 2098 1427 2196; x_wconf 89' lang='lat' dir='ltr'>angulos</span> <span class='ocrx_word' id='word_1_94' title='bbox 1463 2098 1514 2173; x_wconf 90' lang='lat' dir='ltr'>ita</span> <span class='ocrx_word' id='word_1_95' title='bbox 1545 2102 1841 2198; x_wconf 90' lang='lat' dir='ltr'>componendos,</span> <span class='ocrx_word' id='word_1_96' title='bbox 1876 2115 1917 2176; x_wconf 92' lang='lat' dir='ltr'>ut</span> 
     </span>
     <span class='ocr_line' id='line_1_11' title="bbox 427 2232 1918 2334; baseline -0.001 -25"><span class='ocrx_word' id='word_1_97' title='bbox 427 2234 526 2334; x_wconf 90' lang='lat' dir='ltr'>cycli</span> <span class='ocrx_word' id='word_1_98' title='bbox 552 2232 773 2321; x_wconf 85' lang='lat' dir='ltr'>efficiantur,</span> <span class='ocrx_word' id='word_1_99' title='bbox 793 2233 922 2331; x_wconf 89' lang='lat' dir='ltr'>regula</span> <span class='ocrx_word' id='word_1_100' title='bbox 949 2233 995 2306; x_wconf 90' lang='lat' dir='ltr'>ab</span> <span class='ocrx_word' id='word_1_101' title='bbox 1022 2233 1098 2306; x_wconf 91' lang='lat' dir='ltr'>illo.</span> <span class='ocrx_word' id='word_1_102' title='bbox 1126 2233 1334 2306; x_wconf 76' lang='lat' dir='ltr'>Pomcnmi</span> <span class='ocrx_word' id='word_1_103' title='bbox 1363 2234 1508 2306; x_wconf 50' lang='lat' dir='ltr'>data*</span> <span class='ocrx_word' id='word_1_104' title='bbox 1533 2233 1644 2324; x_wconf 88' lang='lat' dir='ltr'>valet,</span> <span class='ocrx_word' id='word_1_105' title='bbox 1664 2257 1748 2332; x_wconf 85' lang='lat' dir='ltr'>quae</span> <span class='ocrx_word' id='word_1_106' title='bbox 1777 2259 1798 2308; x_wconf 86' lang='lat' dir='ltr'>a</span> <span class='ocrx_word' id='word_1_107' title='bbox 1823 2235 1918 2308; x_wconf 89' lang='lat' dir='ltr'>rela-</span> 
     </span>
     <span class='ocr_line' id='line_1_12' title="bbox 426 2364 1917 2466; baseline -0.001 -24"><span class='ocrx_word' id='word_1_108' title='bbox 426 2370 529 2442; x_wconf 91' lang='lat' dir='ltr'>tione</span> <span class='ocrx_word' id='word_1_109' title='bbox 556 2370 654 2441; x_wconf 92' lang='lat' dir='ltr'>inter</span> <span class='ocrx_word' id='word_1_110' title='bbox 680 2365 911 2466; x_wconf 88' lang='lat' dir='ltr'>polygonum</span> <span class='ocrx_word' id='word_1_111' title='bbox 941 2374 1026 2466; x_wconf 58' lang='lat' dir='ltr'><em>Q</em></span> <span class='ocrx_word' id='word_1_112' title='bbox 1051 2381 1090 2440; x_wconf 94' lang='lat' dir='ltr'>et</span> <span class='ocrx_word' id='word_1_113' title='bbox 1113 2364 1352 2466; x_wconf 88' lang='lat' dir='ltr'>superficiem</span> <span class='ocrx_word' id='word_1_114' title='bbox 1380 2365 1464 2466; x_wconf 78' lang='lat' dir='ltr'>F„</span> <span class='ocrx_word' id='word_1_115' title='bbox 1504 2390 1580 2440; x_wconf 93' lang='lat' dir='ltr'>non</span> <span class='ocrx_word' id='word_1_116' title='bbox 1612 2368 1814 2466; x_wconf 87' lang='lat' dir='ltr'>dependet.</span> <span class='ocrx_word' id='word_1_117' title='bbox 1854 2367 1917 2441; x_wconf 93' lang='lat' dir='ltr'>Ab</span> 
     </span>
     <span class='ocr_line' id='line_1_13' title="bbox 427 2499 1917 2600; baseline 0 -24"><span class='ocrx_word' id='word_1_118' title='bbox 427 2499 564 2600; x_wconf 89' lang='lat' dir='ltr'>angulo</span> <span class='ocrx_word' id='word_1_119' title='bbox 603 2499 776 2599; x_wconf 90' lang='lat' dir='ltr'>quolibet</span> <span class='ocrx_word' id='word_1_120' title='bbox 815 2501 1024 2576; x_wconf 89' lang='lat' dir='ltr'>directione</span> <span class='ocrx_word' id='word_1_121' title='bbox 1059 2503 1218 2600; x_wconf 89' lang='lat' dir='ltr'>positiva</span> <span class='ocrx_word' id='word_1_122' title='bbox 1244 2511 1390 2574; x_wconf 83' lang='lat' dir='ltr'>servata</span> <span class='ocrx_word' id='word_1_123' title='bbox 1424 2500 1520 2574; x_wconf 90' lang='lat' dir='ltr'>latus</span> <span class='ocrx_word' id='word_1_124' title='bbox 1554 2501 1747 2598; x_wconf 87' lang='lat' dir='ltr'>attiguum,</span> <span class='ocrx_word' id='word_1_125' title='bbox 1780 2503 1917 2576; x_wconf 91' lang='lat' dir='ltr'>deinde</span> 
     </span>
     <span class='ocr_line' id='line_1_14' title="bbox 428 2633 1918 2733; baseline 0 -23"><span class='ocrx_word' id='word_1_126' title='bbox 428 2639 680 2732; x_wconf 85' lang='lat' dir='ltr'>coniugatum,</span> <span class='ocrx_word' id='word_1_127' title='bbox 707 2647 787 2710; x_wconf 90' lang='lat' dir='ltr'>turn</span> <span class='ocrx_word' id='word_1_128' title='bbox 822 2649 1006 2732; x_wconf 91' lang='lat' dir='ltr'>punctum</span> <span class='ocrx_word' id='word_1_129' title='bbox 1042 2648 1251 2708; x_wconf 86' lang='lat' dir='ltr'>extremum</span> <span class='ocrx_word' id='word_1_130' title='bbox 1288 2657 1458 2732; x_wconf 89' lang='lat' dir='ltr'>sequeus,</span> <span class='ocrx_word' id='word_1_131' title='bbox 1490 2647 1572 2708; x_wconf 91' lang='lat' dir='ltr'>tum</span> <span class='ocrx_word' id='word_1_132' title='bbox 1597 2633 1694 2708; x_wconf 89' lang='lat' dir='ltr'>latus</span> <span class='ocrx_word' id='word_1_133' title='bbox 1725 2638 1918 2733; x_wconf 88' lang='lat' dir='ltr'>attiguum,</span> 
     </span>
     <span class='ocr_line' id='line_1_15' title="bbox 427 2768 1919 2868; baseline 0.001 -24"><span class='ocrx_word' id='word_1_134' title='bbox 427 2783 507 2844; x_wconf 91' lang='lat' dir='ltr'>tum</span> <span class='ocrx_word' id='word_1_135' title='bbox 535 2768 787 2867; x_wconf 87' lang='lat' dir='ltr'>coniugatum,</span> <span class='ocrx_word' id='word_1_136' title='bbox 811 2782 890 2844; x_wconf 91' lang='lat' dir='ltr'>tum</span> <span class='ocrx_word' id='word_1_137' title='bbox 917 2781 1099 2868; x_wconf 91' lang='lat' dir='ltr'>punctum</span> <span class='ocrx_word' id='word_1_138' title='bbox 1120 2781 1329 2842; x_wconf 85' lang='lat' dir='ltr'>extremum</span> <span class='ocrx_word' id='word_1_139' title='bbox 1348 2790 1508 2864; x_wconf 89' lang='lat' dir='ltr'>sequens</span> <span class='ocrx_word' id='word_1_140' title='bbox 1525 2769 1778 2865; x_wconf 87' lang='lat' dir='ltr'>percurrimus</span> <span class='ocrx_word' id='word_1_141' title='bbox 1795 2794 1919 2868; x_wconf 87' lang='lat' dir='ltr'>neque</span> 
     </span>
     <span class='ocr_line' id='line_1_16' title="bbox 428 2902 1919 3003; baseline 0.001 -23"><span class='ocrx_word' id='word_1_142' title='bbox 428 2904 632 2980; x_wconf 89' lang='lat' dir='ltr'>desinimus</span> <span class='ocrx_word' id='word_1_143' title='bbox 663 2904 752 2978; x_wconf 90' lang='lat' dir='ltr'>dum</span> <span class='ocrx_word' id='word_1_144' title='bbox 780 2905 828 2978; x_wconf 90' lang='lat' dir='ltr'>ad</span> <span class='ocrx_word' id='word_1_145' title='bbox 854 2902 1043 3000; x_wconf 89' lang='lat' dir='ltr'>angulum,</span> <span class='ocrx_word' id='word_1_146' title='bbox 1063 2927 1085 2976; x_wconf 89' lang='lat' dir='ltr'>a</span> <span class='ocrx_word' id='word_1_147' title='bbox 1107 2927 1182 3000; x_wconf 94' lang='lat' dir='ltr'>quo</span> <span class='ocrx_word' id='word_1_148' title='bbox 1201 2903 1340 3000; x_wconf 87' lang='lat' dir='ltr'>egressi</span> <span class='ocrx_word' id='word_1_149' title='bbox 1358 2925 1485 2976; x_wconf 87' lang='lat' dir='ltr'>sumus</span> <span class='ocrx_word' id='word_1_150' title='bbox 1502 2903 1735 2993; x_wconf 87' lang='lat' dir='ltr'>revertimus,</span> <span class='ocrx_word' id='word_1_151' title='bbox 1756 2930 1919 3003; x_wconf 90' lang='lat' dir='ltr'>quocum</span> 
     </span>
     <span class='ocr_line' id='line_1_17' title="bbox 430 3034 1799 3136; baseline -0.001 -22"><span class='ocrx_word' id='word_1_152' title='bbox 430 3037 566 3136; x_wconf 91' lang='lat' dir='ltr'>anguli,</span> <span class='ocrx_word' id='word_1_153' title='bbox 594 3061 688 3136; x_wconf 89' lang='lat' dir='ltr'>quos</span> <span class='ocrx_word' id='word_1_154' title='bbox 715 3061 761 3110; x_wconf 88' lang='lat' dir='ltr'>eo</span> <span class='ocrx_word' id='word_1_155' title='bbox 788 3037 904 3110; x_wconf 90' lang='lat' dir='ltr'>modo</span> <span class='ocrx_word' id='word_1_156' title='bbox 931 3034 1153 3132; x_wconf 86' lang='lat' dir='ltr'>transgressi</span> <span class='ocrx_word' id='word_1_157' title='bbox 1179 3059 1317 3122; x_wconf 78' lang='lat' dir='ltr'>sumuS,</span> <span class='ocrx_word' id='word_1_158' title='bbox 1345 3035 1494 3134; x_wconf 89' lang='lat' dir='ltr'>cyclum</span> <span class='ocrx_word' id='word_1_159' title='bbox 1521 3061 1594 3111; x_wconf 90' lang='lat' dir='ltr'>una</span> <span class='ocrx_word' id='word_1_160' title='bbox 1620 3035 1799 3112; x_wconf 90' lang='lat' dir='ltr'>efficiunt.</span> 
     </span>
    </p>

    <p class='ocr_par' dir='ltr' id='par_1_5' title="bbox 427 3167 1923 3803">
     <span class='ocr_line' id='line_1_18' title="bbox 504 3167 1923 3268; baseline 0.002 -24"><span class='ocrx_word' id='word_1_161' title='bbox 504 3171 590 3266; x_wconf 81' lang='lat' dir='ltr'>Qua</span> <span class='ocrx_word' id='word_1_162' title='bbox 624 3169 771 3244; x_wconf 87' lang='lat' dir='ltr'>ratione</span> <span class='ocrx_word' id='word_1_163' title='bbox 807 3171 864 3244; x_wconf 92' lang='lat' dir='ltr'>usi</span> <span class='ocrx_word' id='word_1_164' title='bbox 895 3171 1011 3244; x_wconf 93' lang='lat' dir='ltr'>cuivis</span> <span class='ocrx_word' id='word_1_165' title='bbox 1038 3171 1208 3243; x_wconf 85' lang='lat' dir='ltr'>varietati</span> <span class='ocrx_word' id='word_1_166' title='bbox 1242 3167 1307 3252; x_wconf 66' lang='lat' dir='ltr'>M,</span> <span class='ocrx_word' id='word_1_167' title='bbox 1343 3169 1647 3268; x_wconf 76' lang='lat' dir='ltr'>ap-t-rpliciter</span> <span class='ocrx_word' id='word_1_168' title='bbox 1681 3195 1872 3262; x_wconf 82' lang='lat' dir='ltr'>connexae,</span> <span class='ocrx_word' id='word_1_169' title='bbox 1899 3199 1923 3247; x_wconf 87' lang='lat' dir='ltr'><em>r</em></span> 
     </span>
     <span class='ocr_line' id='line_1_19' title="bbox 428 3301 1920 3404; baseline 0.001 -26"><span class='ocrx_word' id='word_1_170' title='bbox 428 3306 535 3378; x_wconf 90' lang='lat' dir='ltr'>lineis</span> <span class='ocrx_word' id='word_1_171' title='bbox 552 3302 769 3380; x_wconf 88' lang='lat' dir='ltr'>finientibus</span> <span class='ocrx_word' id='word_1_172' title='bbox 786 3301 955 3376; x_wconf 87' lang='lat' dir='ltr'>limitatae</span> <span class='ocrx_word' id='word_1_173' title='bbox 973 3302 1219 3402; x_wconf 90' lang='lat' dir='ltr'>polygonum,</span> <span class='ocrx_word' id='word_1_174' title='bbox 1240 3305 1417 3376; x_wconf 91' lang='lat' dir='ltr'>cuiusvis</span> <span class='ocrx_word' id='word_1_175' title='bbox 1439 3309 1520 3404; x_wconf 47' lang='grc' dir='ltr'>Φηρ</span> <span class='ocrx_word' id='word_1_176' title='bbox 1544 3319 1611 3393; x_wconf 91' lang='lat' dir='ltr'>est,</span> <span class='ocrx_word' id='word_1_177' title='bbox 1632 3305 1817 3402; x_wconf 87' lang='lat' dir='ltr'>assignare</span> <span class='ocrx_word' id='word_1_178' title='bbox 1835 3329 1920 3404; x_wconf 92' lang='lat' dir='ltr'>pos·</span> 
     </span>
     <span class='ocr_line' id='line_1_20' title="bbox 429 3435 1920 3535; baseline 0.001 -25"><span class='ocrx_word' id='word_1_179' title='bbox 429 3461 566 3525; x_wconf 89' lang='lat' dir='ltr'>sumus,</span> <span class='ocrx_word' id='word_1_180' title='bbox 595 3437 697 3535; x_wconf 90' lang='lat' dir='ltr'>quod</span> <span class='ocrx_word' id='word_1_181' title='bbox 723 3437 956 3535; x_wconf 91' lang='lat' dir='ltr'>polygonum</span> <span class='ocrx_word' id='word_1_182' title='bbox 986 3438 1021 3509; x_wconf 93' lang='lat' dir='ltr'>ei</span> <span class='ocrx_word' id='word_1_183' title='bbox 1047 3438 1229 3525; x_wconf 87' lang='lat' dir='ltr'>varietati,</span> <span class='ocrx_word' id='word_1_184' title='bbox 1256 3459 1340 3532; x_wconf 88' lang='lat' dir='ltr'>quae</span> <span class='ocrx_word' id='word_1_185' title='bbox 1368 3435 1597 3510; x_wconf 89' lang='lat' dir='ltr'>sectionibus</span> <span class='ocrx_word' id='word_1_186' title='bbox 1624 3440 1757 3535; x_wconf 90' lang='lat' dir='ltr'>aptatis</span> <span class='ocrx_word' id='word_1_187' title='bbox 1780 3440 1817 3512; x_wconf 90' lang='lat' dir='ltr'>in</span> <span class='ocrx_word' id='word_1_188' title='bbox 1835 3440 1920 3512; x_wconf 91' lang='lat' dir='ltr'>sim-</span> 
     </span>
     <span class='ocr_line' id='line_1_21' title="bbox 428 3569 1919 3669; baseline 0.002 -27"><span class='ocrx_word' id='word_1_189' title='bbox 428 3571 578 3669; x_wconf 89' lang='lat' dir='ltr'>pliciter</span> <span class='ocrx_word' id='word_1_190' title='bbox 604 3593 812 3646; x_wconf 86' lang='lat' dir='ltr'>connexam</span> <span class='ocrx_word' id='word_1_191' title='bbox 840 3581 985 3642; x_wconf 87' lang='lat' dir='ltr'>mutata</span> <span class='ocrx_word' id='word_1_192' title='bbox 1012 3582 1078 3658; x_wconf 90' lang='lat' dir='ltr'>est,</span> <span class='ocrx_word' id='word_1_193' title='bbox 1098 3569 1456 3667; x_wconf 90' lang='lat' dir='ltr'>homoeomorphum</span> <span class='ocrx_word' id='word_1_194' title='bbox 1484 3583 1541 3644; x_wconf 87' lang='lat' dir='ltr'>est</span> <span class='ocrx_word' id='word_1_195' title='bbox 1568 3585 1606 3644; x_wconf 88' lang='lat' dir='ltr'>et</span> <span class='ocrx_word' id='word_1_196' title='bbox 1633 3572 1680 3646; x_wconf 90' lang='lat' dir='ltr'>ad</span> <span class='ocrx_word' id='word_1_197' title='bbox 1705 3571 1770 3655; x_wconf 71' lang='lat' dir='ltr'>M,</span> <span class='ocrx_word' id='word_1_198' title='bbox 1788 3597 1809 3646; x_wconf 92' lang='lat' dir='ltr'>e</span> <span class='ocrx_word' id='word_1_199' title='bbox 1828 3573 1919 3646; x_wconf 90' lang='lat' dir='ltr'>situs</span> 
     </span>
     <span class='ocr_line' id='line_1_22' title="bbox 427 3699 1236 3803; baseline -0.006 -24"><span class='ocrx_word' id='word_1_200' title='bbox 427 3703 569 3803; x_wconf 88' lang='lat' dir='ltr'>analysi</span> <span class='ocrx_word' id='word_1_201' title='bbox 595 3703 922 3776; x_wconf 89' lang='lat' dir='ltr'>determinandum</span> <span class='ocrx_word' id='word_1_202' title='bbox 950 3699 1061 3801; x_wconf 85' lang='lat' dir='ltr'>plane</span> <span class='ocrx_word' id='word_1_203' title='bbox 1089 3699 1236 3776; x_wconf 86' lang='lat' dir='ltr'>sufficit.</span> 
     </span>
    </p>

    <p class='ocr_par' dir='ltr' id='par_1_6' title="bbox 429 3835 1924 4470">
     <span class='ocr_line' id='line_1_23' title="bbox 502 3835 1920 3937; baseline 0.001 -26"><span class='ocrx_word' id='word_1_204' title='bbox 502 3837 536 3911; x_wconf 92' lang='lat' dir='ltr'>E</span> <span class='ocrx_word' id='word_1_205' title='bbox 575 3837 766 3911; x_wconf 90' lang='lat' dir='ltr'>contrario</span> <span class='ocrx_word' id='word_1_206' title='bbox 804 3835 843 3909; x_wconf 90' lang='lat' dir='ltr'>in</span> <span class='ocrx_word' id='word_1_207' title='bbox 878 3835 1099 3935; x_wconf 89' lang='lat' dir='ltr'>simpliciter</span> <span class='ocrx_word' id='word_1_208' title='bbox 1133 3859 1302 3911; x_wconf 88' lang='lat' dir='ltr'>connexa</span> <span class='ocrx_word' id='word_1_209' title='bbox 1338 3839 1528 3911; x_wconf 90' lang='lat' dir='ltr'>varietatis</span> <span class='ocrx_word' id='word_1_210' title='bbox 1566 3837 1766 3912; x_wconf 89' lang='lat' dir='ltr'>cuiuslibet</span> <span class='ocrx_word' id='word_1_211' title='bbox 1803 3853 1920 3937; x_wconf 89' lang='lat' dir='ltr'>parte,</span> 
     </span>
     <span class='ocr_line' id='line_1_24' title="bbox 429 3968 1923 4072; baseline 0 -27"><span class='ocrx_word' id='word_1_212' title='bbox 429 3971 673 4072; x_wconf 91' lang='lat' dir='ltr'>polygonum,</span> <span class='ocrx_word' id='word_1_213' title='bbox 691 3971 796 4042; x_wconf 92' lang='lat' dir='ltr'>cuius</span> <span class='ocrx_word' id='word_1_214' title='bbox 822 3971 878 4042; x_wconf 89' lang='lat' dir='ltr'>vis</span> <span class='ocrx_word' id='word_1_215' title='bbox 905 3971 953 4044; x_wconf 87' lang='lat' dir='ltr'>sit</span> <span class='ocrx_word' id='word_1_216' title='bbox 980 3975 1078 4068; x_wconf 59' lang='lat' dir='ltr'>Q,</span> <span class='ocrx_word' id='word_1_217' title='bbox 1099 3969 1227 4042; x_wconf 86' lang='lat' dir='ltr'>datum</span> <span class='ocrx_word' id='word_1_218' title='bbox 1254 3971 1311 4042; x_wconf 92' lang='lat' dir='ltr'>sit.</span> <span class='ocrx_word' id='word_1_219' title='bbox 1332 3968 1421 4043; x_wconf 93' lang='lat' dir='ltr'>Hoc</span> <span class='ocrx_word' id='word_1_220' title='bbox 1439 3969 1671 4068; x_wconf 91' lang='lat' dir='ltr'>polygonum</span> <span class='ocrx_word' id='word_1_221' title='bbox 1697 3977 1777 4070; x_wconf 66' lang='grc' dir='ltr'>Φ,,ρ</span> <span class='ocrx_word' id='word_1_222' title='bbox 1800 3971 1923 4070; x_wconf 93' lang='lat' dir='ltr'>primo</span> 
     </span>
     <span class='ocr_line' id='line_1_25' title="bbox 429 4101 1923 4201; baseline 0 -22"><span class='ocrx_word' id='word_1_223' title='bbox 429 4105 695 4180; x_wconf 85' lang='lat' dir='ltr'>deformationi</span> <span class='ocrx_word' id='word_1_224' title='bbox 722 4103 912 4176; x_wconf 90' lang='lat' dir='ltr'>continuae</span> <span class='ocrx_word' id='word_1_225' title='bbox 936 4103 1143 4176; x_wconf 89' lang='lat' dir='ltr'>subicimus</span> <span class='ocrx_word' id='word_1_226' title='bbox 1162 4102 1270 4198; x_wconf 89' lang='lat' dir='ltr'>(intra</span> <span class='ocrx_word' id='word_1_227' title='bbox 1287 4101 1324 4176; x_wconf 94' lang='lat' dir='ltr'>id</span> <span class='ocrx_word' id='word_1_228' title='bbox 1344 4104 1504 4201; x_wconf 91' lang='lat' dir='ltr'>spatium</span> <span class='ocrx_word' id='word_1_229' title='bbox 1523 4101 1769 4176; x_wconf 79' lang='lat' dir='ltr'>Eucmnuum</span> <span class='ocrx_word' id='word_1_230' title='bbox 1790 4105 1923 4200; x_wconf 91' lang='lat' dir='ltr'>inquo</span> 
     </span>
     <span class='ocr_line' id='line_1_26' title="bbox 429 4233 1924 4336; baseline 0 -24"><span class='ocrx_word' id='word_1_231' title='bbox 429 4237 662 4336; x_wconf 91' lang='lat' dir='ltr'>polygonum</span> <span class='ocrx_word' id='word_1_232' title='bbox 690 4237 929 4334; x_wconf 89' lang='lat' dir='ltr'>continetur),</span> <span class='ocrx_word' id='word_1_233' title='bbox 961 4262 1034 4335; x_wconf 89' lang='lat' dir='ltr'>qua</span> <span class='ocrx_word' id='word_1_234' title='bbox 1060 4237 1336 4310; x_wconf 89' lang='lat' dir='ltr'>deformatione</span> <span class='ocrx_word' id='word_1_235' title='bbox 1363 4237 1439 4308; x_wconf 93' lang='lat' dir='ltr'>duo</span> <span class='ocrx_word' id='word_1_236' title='bbox 1465 4237 1545 4308; x_wconf 88' lang='lat' dir='ltr'>eius</span> <span class='ocrx_word' id='word_1_237' title='bbox 1576 4233 1692 4308; x_wconf 88' lang='lat' dir='ltr'>latera</span> <span class='ocrx_word' id='word_1_238' title='bbox 1725 4235 1924 4333; x_wconf 85' lang='lat' dir='ltr'>coniugata</span> 
     </span>
     <span class='ocr_line' id='line_1_27' title="bbox 430 4367 1924 4470; baseline -0.001 -24"><span class='ocrx_word' id='word_1_239' title='bbox 430 4373 467 4446; x_wconf 91' lang='lat' dir='ltr'>in</span> <span class='ocrx_word' id='word_1_240' title='bbox 494 4384 747 4470; x_wconf 91' lang='lat' dir='ltr'>congruentes</span> <span class='ocrx_word' id='word_1_241' title='bbox 774 4370 824 4466; x_wconf 91' lang='lat' dir='ltr'>(id</span> <span class='ocrx_word' id='word_1_242' title='bbox 852 4381 918 4458; x_wconf 89' lang='lat' dir='ltr'>est,</span> <span class='ocrx_word' id='word_1_243' title='bbox 947 4370 1010 4467; x_wconf 93' lang='lat' dir='ltr'>qui</span> <span class='ocrx_word' id='word_1_244' title='bbox 1041 4370 1150 4468; x_wconf 91' lang='lat' dir='ltr'>spatii</span> <span class='ocrx_word' id='word_1_245' title='bbox 1176 4367 1370 4444; x_wconf 79' lang='lat' dir='ltr'>Eucumm</span> <span class='ocrx_word' id='word_1_246' title='bbox 1395 4367 1638 4444; x_wconf 86' lang='lat' dir='ltr'>translatione</span> <span class='ocrx_word' id='word_1_247' title='bbox 1665 4371 1713 4444; x_wconf 89' lang='lat' dir='ltr'>ad</span> <span class='ocrx_word' id='word_1_248' title='bbox 1739 4394 1778 4444; x_wconf 93' lang='lat' dir='ltr'>se</span> <span class='ocrx_word' id='word_1_249' title='bbox 1806 4383 1924 4445; x_wconf 88' lang='lat' dir='ltr'>trans-</span> 
     </span>
    </p>
   </div>
   <div class='ocr_carea' id='block_1_5' title="bbox 489 4583 1134 4738">
    <p class='ocr_par' dir='ltr' id='par_1_7' title="bbox 489 4583 1134 4738">
     <span class='ocr_line' id='line_1_28' title="bbox 499 4583 802 4647; baseline -0.007 -13"><span class='ocrx_word' id='word_1_250' title='bbox 499 4583 802 4647; x_wconf 48' lang='lat' dir='ltr'>Ucmmm</span> 
     </span>
     <span class='ocr_line' id='line_1_29' title="bbox 489 4671 1134 4738; baseline -0.008 -12"><span class='ocrx_word' id='word_1_251' title='bbox 489 4675 520 4710; x_wconf 53' lang='grc' dir='ltr'>*θ’</span> <span class='ocrx_word' id='word_1_252' title='bbox 536 4675 607 4726; x_wconf 77' lang='lat' dir='ltr'>Acta</span> <span class='ocrx_word' id='word_1_253' title='bbox 624 4671 825 4732; x_wconf 71' lang='lat' dir='ltr'>Mathematica</span> <span class='ocrx_word' id='word_1_254' title='bbox 844 4677 908 4722; x_wconf 84' lang='lat' dir='ltr'>tom.</span> <span class='ocrx_word' id='word_1_255' title='bbox 927 4673 947 4729; x_wconf 85' lang='lat'>1,</span> <span class='ocrx_word' id='word_1_256' title='bbox 965 4685 1024 4738; x_wconf 77' lang='lat' dir='ltr'>pag.</span> <span class='ocrx_word' id='word_1_257' title='bbox 1041 4684 1079 4728; x_wconf 81' lang='lat' dir='ltr'>ao.</span> <span class='ocrx_word' id='word_1_258' title='bbox 1096 4685 1134 4722; x_wconf 84' lang='lat'>21.</span> 
     </span>
    </p>
   </div>
   <div class='ocr_carea' id='block_1_6' title="bbox 0 0 2204 5624">
    <p class='ocr_par' dir='ltr' id='par_1_8' title="bbox 0 0 2204 5624">
     <span class='ocr_line' id='line_1_30' title="bbox 0 0 2204 5624; baseline 0 0"><span class='ocrx_word' id='word_1_259' title='bbox 0 0 2204 5624; x_wconf 95' lang='lat' dir='ltr'> </span> 
     </span>
    </p>
   </div>
  </div>
 </body>
</html>
