4386 5624
501 699 545 742 DE
565 698 862 744 Arputcn'mottmus
884 697 1088 744 Gssouurnm
1108 697 1287 742 assotum
1307 699 1505 744 ANALYTICIS.
1708 697 1745 760 35

256 904 463 978 arealibus
498 905 748 1003 6p-t-ar-t‘r
782 904 1042 979 constantibus
1069 903 1270 1001 dependet,
1298 907 1361 1000 qui
1392 927 1580 994 numerus,
1608 906 1638 977 si
1668 909 1747 1004 Φῆ,

256 1042 481 1138 isogramma
498 1039 646 1136 generis
664 1051 773 1138 p>1
797 1053 864 1128 est,
885 1040 932 1112 ad
951 1037 997 1136 (ap
1010 1079 1051 1090 —
1067 1035 1099 1126 6,
1120 1037 1150 1110 si
1159 1045 1189 1134 p
1203 1057 1268 1110 =1
1292 1049 1359 1128 est,
1387 1039 1434 1111 ad
1462 1059 1494 1128 2,
1515 1039 1544 1112 si
1570 1038 1746 1112 intutam

254 1197 402 1246 versum
431 1185 498 1264 est,
527 1172 575 1245 ad
601 1169 736 1246 ar-6
762 1172 992 1246 reducitur*

328 1304 404 1400 Qui
430 1329 619 1392 numerus
646 1317 688 1378 ut
714 1318 877 1405 oportet,
905 1330 991 1380 cum
1018 1319 1317 1405 parametrorum
1349 1307 1387 1377 in
1417 1329 1563 1378 summa
1588 1327 1747 1377 numero

255 1441 441 1526 convenit,
469 1463 490 1510 a
525 1438 660 1536 quibus
682 1438 945 1512 translationes
971 1439 1043 1528 Aa
1072 1438 1130 1526 Sp,
1156 1437 1195 1510 T
1188 1471 1223 1527 ι,
1250 1462 1336 1534 quae
1367 1437 1559 1538 polygono
1586 1437 1747 1513 normali

255 1569 421 1646 definitae
448 1585 545 1660 sunt,
573 1571 800 1670 dependent,
829 1574 860 1646 si
886 1574 1074 1670 signatura
1100 1573 1187 1646 data
1213 1585 1378 1672 putatur.

328 1705 369 1780 Si
402 1703 689 1780 translationum
725 1707 1030 1780 coniunctionem
1066 1704 1101 1779 G
1136 1730 1181 1780 ex
1214 1705 1271 1780 his
1305 1705 1610 1780 translationibus
1636 1719 1748 1778 etex

256 1865 381 1914 earum
409 1839 565 1914 inversis
592 1841 840 1938 compositam
869 1839 1181 1936 contemplamur,
1200 1863 1332 1914 ornnes
1359 1863 1421 1912 eas
1448 1838 1744 1930 coniunctiones,

254 1997 339 2070 quae
368 1974 414 2046 ad
440 1971 622 2046 normalia
648 1975 747 2048 datae
774 1975 974 2072 signaturae
1001 1973 1192 2072 polygona
1217 1975 1418 2072 pertinent,
1437 1972 1655 2048 holoedrice
1672 1975 1744 2048 iso·

253 2107 429 2206 morphas
445 2093 537 2182 'esse
564 2107 802 2181 manifestum
829 2108 910 2198 erit,
930 2122 972 2182 ut
989 2109 1090 2182 idem
1108 2131 1298 2198 numerus,
1318 2133 1430 2205 quem
1450 2132 1561 2205 supra
1579 2130 1743 2180 comme-

254 2244 494 2330 moravimus,
526 2241 682 2316 realium
710 2241 962 2316 constantium
990 2241 1123 2316 offerat
1149 2265 1400 2330 numerum‚a
1426 2265 1500 2338 quo
1527 2239 1746 2316 holoedrice

252 2374 554 2474 isomorpharum
581 2373 871 2448 translationum
898 2377 1206 2450 coniunctionum
1235 2375 1362 2450 classis
1388 2375 1577 2473 signatura

767 2571 821 2668 (a
850 2571 1230 2670 ornav-oar)

255 2776 412 2852 definita
447 2778 650 2874 dependet.
678 2775 888 2851 Parametri
922 2791 1150 2870 constantes,
1180 2803 1200 2851 a
1231 2777 1365 2875 quibus
1395 2775 1628 2874 polygonum
1664 2799 1749 2848 nor-

255 2911 353 2986 male
384 2917 482 3012 Φ,,ρ,
511 2912 613 3008 quod
640 2912 901 2984 determinatae
930 2912 1129 3008 signaturae
1161 2926 1227 3000 est,
1256 2911 1407 3010 pendet,
1436 2910 1557 2982 solum
1583 2911 1748 3005 inaequa-

255 3045 370 3119 litatis
397 3046 686 3121 condicionibus
713 3044 936 3142 quibusdam
964 3045 1112 3117 limitati
1138 3057 1234 3117 sunt.

328 3178 521 3254 Siborum
540 3191 838 3278 parametrorum
857 3203 969 3252 omne
988 3177 1157 3252 valorum
1186 3191 1350 3276 systema
1368 3178 1477 3274 spatii
1492 3183 1532 3250 Σ
1542 3175 1746 3265 Eucuruur,

255 3313 359 3386 cuius
386 3313 663 3385 dimensionum
689 3337 867 3386 numerus
901 3341 926 3390 ν
961 3336 1046 3385 curn
1083 3335 1243 3385 numero
1278 3335 1389 3408 supra
1422 3313 1576 3383 invento
1611 3333 1748 3384 conve·

255 3447 321 3534 nit,
357 3457 499 3544 puncto
532 3469 748 3544 expressum
785 3469 866 3520 esse
900 3443 1085 3542 fingimus,
1122 3445 1204 3518 baec
1234 3457 1376 3542 puncta
1414 3473 1438 3521 ν
1473 3443 1749 3517 dimensionum

254 3581 476 3653 varietatem
508 3577 590 3669 M„
618 3602 703 3676 quae
731 3577 768 3650 in
796 3585 836 3650 Σ
855 3577 1080 3669 continetur,
1109 3578 1324 3678 explebunt,
1352 3592 1394 3652 ut
1420 3578 1523 3650 omni
1550 3579 1749 3674 signaturae

255 3711 354 3784 datae
381 3710 574 3810 polygono
601 3712 760 3786 normali
784 3711 974 3785 varietatis
1000 3711 1067 3790 M.
1093 3725 1274 3810 punctum
1303 3711 1608 3810 correspondeat.

331 3845 388 3920 Ill.
417 3843 684 3920 Pomcmurr
710 3845 749 3919 id
775 3845 980 3934 theorema,
1010 3847 1112 3942 quod
1147 3847 1338 3943 sequentis
1373 3844 1639 3942 disquisitionis
1668 3842 1750 3916 fun·

256 3979 474 4052 dementum
494 3979 634 4053 facturn
661 3993 728 4068 est,
752 3979 873 4054 hanc
899 3979 1195 4054 varietatem
1221 3977 1288 4058 Ma
1313 3979 1360 4052 in
1386 4003 1434 4052 se
1460 3979 1749 4050 redeuntem

255 4135 371 4200 esse,
395 4111 580 4209 probavit.

329 4244 486 4319 Cunctis
514 4247 559 4320 ad
586 4259 755 4320 nostrum
790 4245 1023 4344 polygonum
1054 4253 1134 4346 aa,
1158 4244 1443 4320 translationum
1471 4248 1747 4320 coniunctionis

263 4377 308 4466 G,
337 4402 422 4474 quae
448 4377 531 4452 haec
557 4379 750 4478 polygono
777 4381 1028 4453 determinata
1063 4391 1130 4468 est,
1157 4377 1461 4453 translationibus
1488 4378 1683 4477 applicatis
1709 4379 1747 4452 in

328 4587 431 4638 *Vide
447 4587 596 4647 potuerat,
613 4591 682 4639 Aeta
698 4589 900 4647 Mathematica.
918 4597 981 4640 tom.
1000 4592 1013 4640 1
1022 4606 1027 4647 ;
1046 4591 1148 4648 Ruunt,
1167 4590 1298 4642 Mathem.
1316 4591 1444 4648 Annalem
1463 4591 1750 4655 tom.XXI.pag.196.

317 4677 347 4712 a*
364 4680 431 4728 Acts
449 4677 649 4737 Msthematica,
667 4685 731 4730 tom.
749 4680 795 4738 lv,
808 4693 866 4744 pag.
885 4693 938 4740 ²50·

1612 4827 1643 4886 ⁵*
