4426 5620
520 701 563 750 DE
585 705 777 751 MECHANICA
793 701 998 751 valtramum
1020 705 1239 750 COMPLURIUM
1262 699 1505 748 DIMENSIONUM.
1723 697 1761 763 73

268 913 441 1011 neglecta
467 927 533 1004 est,
561 913 631 988 uisi
656 915 759 1012 quod
785 913 986 1002 Sonouru,
1013 912 1070 986 vir
1096 912 1333 1000 clarissimus,
1353 909 1473 1008 (1902)
1494 911 1762 984 memorandus

266 1048 425 1136 videtur,
444 1047 563 1145 quiin
582 1047 793 1146 systematis
810 1046 945 1121 virium
964 1047 1188 1121 reducendis
1205 1057 1374 1120 versatus
1399 1045 1635 1120 theoremata
1660 1056 1760 1133 nota,

268 1205 428 1278 quorum
463 1193 635 1255 auctores
670 1193 755 1254 sunt
790 1180 972 1254 Cunsuas
1007 1193 1046 1254 et
1073 1181 1254 1271 Meamne,
1291 1181 1337 1254 ad
1374 1179 1588 1278 complures
1618 1177 1760 1252 dimen-

267 1316 390 1390 siones
417 1315 595 1390 extendit.

338 1448 496 1522 Prorsus
523 1448 631 1523 aliter
655 1473 715 1522 res
742 1473 782 1522 se
808 1448 923 1523 habet
948 1451 987 1522 in
1012 1447 1140 1548 spatiis
1167 1460 1366 1522 curvatura
1392 1449 1579 1522 constanti
1604 1444 1759 1522 fruenti-

265 1581 344 1672 bus,
373 1585 513 1681 quoin
539 1607 678 1681 genere
705 1608 726 1655 a
753 1585 884 1656 statica
911 1583 1027 1656 ordiri
1053 1585 1232 1657 idoneum
1260 1582 1352 1656 mihi
1375 1583 1536 1656 videtur.

338 1715 497 1789 DAvrur
523 1737 574 1789 uu
601 1714 633 1788 F
635 1737 821 1789 oucauux
847 1714 966 1812 (1762)
995 1719 1189 1814 quomodo
1215 1717 1323 1805 vires,
1351 1716 1487 1812 quibus
1509 1739 1648 1814 corpus
1673 1715 1757 1812 rigi·

265 1851 354 1923 dum
380 1851 555 1947 tangitur,
588 1852 864 1947 componendae
892 1849 975 1938 sint,
1004 1874 1025 1922 a
1050 1849 1333 1949 simplicissimis
1360 1847 1646 1947 compositionis
1671 1870 1758 1943 pro-

263 1983 484 2080 prietatibus
518 1984 712 2081 profectus
746 2009 936 2082 exponere
963 1997 1120 2058 conatus
1146 1999 1214 2058 est.
1242 1984 1395 2078 Quanta
1420 1984 1468 2056 sit
1492 1983 1548 2056 vis
1573 1981 1758 2054 resultans

264 2117 419 2192 duarum
445 2119 592 2207 virium,
612 2117 747 2216 quibus
775 2119 907 2193 eadem
933 2119 1128 2193 intensitas
1153 2119 1240 2193 insit
1266 2093 1501 2217 quarumque
1528 2115 1757 2192 directiones

264 2252 398 2324 eodem
424 2251 538 2350 plano
565 2253 830 2326 contineantur
854 2267 968 2351 atque
1004 2253 1150 2326 eaedem
1177 2253 1287 2326 lineae
1314 2265 1430 2326 rectae
1457 2251 1645 2325 normales
1672 2251 1756 2340 sint,

263 2387 475 2482 aequatione
494 2387 654 2482 quadam
673 2385 852 2460 definitur
868 2386 1101 2476 functionali,
1121 2386 1181 2460 cui
1200 2383 1340 2474 satisfit,
1361 2409 1447 2459 cum
1465 2386 1610 2459 functio
1632 2386 1756 2458 deter-

262 2519 436 2592 minanda
461 2519 708 2617 magnitudini
735 2521 922 2594 constanti
948 2519 1103 2618 aequalis
1120 2520 1292 2619 ponitur;
1316 2543 1389 2617 qua
1405 2543 1447 2592 re
1466 2520 1513 2592 ad
1529 2519 1756 2618 principium

262 2654 380 2726 vectis
417 2652 729 2726 Ancuruuuuum
767 2655 997 2753 pervenitur.
1037 2653 1108 2728 Cui
1147 2651 1351 2750 aequationi
1388 2651 1613 2725 functionali
1643 2651 1755 2725 etiam

264 2782 443 2876 satisfieri,
463 2810 548 2860 cum
567 2785 712 2860 functio
739 2789 969 2886 expressioni
996 2786 1151 2885 aequalis
1176 2785 1339 2885 ponitur,
1368 2810 1452 2882 quae
1481 2809 1526 2859 ex
1552 2784 1754 2858 functioni·

262 2918 330 2992 bus
365 2918 691 3018 exponentialibus
725 2933 882 3010 constat,
913 2917 1324 3016 11Ἀ111111111111(1773)
1352 2933 1390 2993 et
1417 2919 1608 2992 Lnrnncu
1634 2915 1754 3014 (1799)

261 3053 625 3144 animadverterunt;
652 3078 765 3151 quam
783 3053 1012 3128 solutionem
1039 3055 1103 3150 qui
1128 3053 1299 3152 accipiat,
1320 3078 1406 3128 eum
1433 3055 1480 3127 ad
1506 3054 1754 3151 geometriam

261 3185 471 3260 absolutam
498 3186 636 3260 deduci
662 3209 817 3260 necesse
844 3209 926 3260 esse
953 3184 1166 3266 Guuoccur
1193 3184 1312 3281 (1869)
1344 3184 1627 3260 demonstravit.
1655 3184 1753 3259 Cum

261 3333 386 3394 autern
412 3319 620 3418 geometria
646 3319 819 3394 absoluta
843 3319 966 3418 posita
992 3319 1125 3393 eadem
1152 3319 1212 3392 lex
1236 3319 1371 3393 virium
1403 3320 1753 3417 componendarum

261 3453 474 3527 adhibenda
492 3453 548 3542 sit,
569 3452 737 3550 sequitur
762 3466 804 3527 ut
830 3465 869 3525 et
894 3453 1040 3526 axioma
1057 3454 1301 3527 undecimum
1320 3453 1565 3526 Eucuruuum
1589 3463 1626 3526 et
1652 3453 1753 3551 prin-

261 3587 399 3685 cipium
425 3589 543 3662 vectis
561 3587 873 3660 Ancuruuouum
897 3610 1008 3684 aequo
1030 3587 1111 3662 iure
1137 3601 1202 3660 aut
1229 3585 1446 3684 accipienda
1473 3599 1536 3659 aut
1561 3585 1753 3661 reicienda

260 3720 343 3795 sint.
361 3721 417 3794 At
435 3721 531 3794 ratio
549 3722 658 3810 vires,
682 3743 840 3817 quarum
868 3720 1095 3794 directiones
1121 3743 1203 3793 sese
1229 3719 1469 3808 intersecant,
1497 3720 1752 3816 componendi

259 3856 391 3928 virium
416 3851 808 3952 parallelogrammate
831 3865 1055 3926 conservato
1072 3851 1173 3926 valet
1200 3855 1278 3925 sive
1305 3851 1465 3950 accipias
1492 3853 1570 3925 sive
1597 3875 1751 3950 spernas

260 3964 404 4060 axioma
441 3986 714 4086 parallelarum,
755 3987 963 4059 dummodo
1003 3986 1306 4060 constructiones
1348 3987 1385 4058 in
1429 4009 1563 4082 campo
1605 3982 1750 4059 infinite

259 4143 374 4217 parvo
402 4117 630 4211 efficiantur3
658 4133 770 4217 atque
797 4118 907 4193 simili
934 4121 1050 4193 modo
1076 4119 1215 4193 laboris
1240 4117 1408 4192 virtualis
1442 4117 1667 4217 principium
1703 4118 1749 4191 ab

262 4253 442 4325 axiomate
486 4251 747 4349 parallelarum
791 4277 868 4328 non
911 4253 1113 4352 dependet.
1154 4250 1278 4346 Quam
1321 4274 1402 4323 rem
1444 4251 1513 4324 viri
1556 4250 1750 4325 clarissimi

261 4383 471 4460 Guuoccur
490 4383 620 4482 (1869),
648 4386 891 4460 Lruouuxuu
909 4385 1041 4483 (1873),
1060 4383 1416 4481 Α11111111111(1897),
1436 4407 1491 4458 ux
1509 4383 1540 4456 F
1544 4405 1748 4458 naucesco

261 4517 377 4616 (1899)
403 4533 669 4595 tractaverunt.

330 4653 505 4754 Systema
516 4655 663 4744 virium,
678 4655 813 4751 quibus
833 4677 969 4752 corpus
991 4653 1153 4727 solidum
1176 4653 1349 4751 tangitur,
1369 4652 1588 4728 mechanica
1605 4651 1747 4726 EucL1·

1611 4842 1640 4876 10
