4386 5624
518 699 561 744 DE
582 699 875 746 APPLIGATIONIBUS
896 701 1100 748 ettottttrtttnt
1122 703 1302 748 ABSOLUTAE
1322 704 1519 750 mntvrtcts.
1732 703 1769 764 25

990 1013 1059 1088 III.

303 1255 353 1307 DE
379 1257 780 1310 REPRAESENTATIONIS
806 1259 1125 1311 CONFORMITATE.
1151 1261 1202 1312 DE
1229 1261 1384 1314 DUOBUS
1412 1263 1750 1316 PROBLEMATIBUS.

349 1448 405 1522 Ut
445 1475 491 1524 ex
526 1452 889 1526 considerationibus
923 1455 971 1526 de
1006 1454 1211 1528 situatione
1246 1453 1487 1552 geometrica,
1519 1481 1605 1553 quae
1644 1459 1770 1554 priore

275 1583 508 1682 paragrapho
535 1587 663 1684 paucis
689 1587 864 1660 indicatae
891 1601 986 1676 sunt,
1007 1590 1053 1662 ad
1081 1588 1293 1686 complexae
1320 1589 1506 1664 variabilis
1532 1590 1770 1666 functionum

276 1717 432 1791 theoriae
461 1721 633 1792 notiones
651 1721 809 1793 transire
827 1720 1024 1818 possimuS,
1044 1721 1187 1811 relati0,
1211 1747 1295 1820 quae
1323 1737 1380 1797 est
1406 1723 1505 1796 inter
1530 1723 1769 1822 superficiem

278 1849 360 1950 [ἦρ
395 1864 433 1925 et
471 1851 702 1950 polygonum
738 1853 906 1928 normale
944 1860 1040 1954 Q,
1075 1857 1127 1928 ita
1154 1854 1406 1930 modificanda
1433 1870 1499 1946 est,
1531 1870 1574 1930 ut
1599 1857 1770 1932 homoeo-

277 1986 509 2084 morphismo
535 1986 633 2059 inter
659 1999 800 2060 sectam
828 1985 1066 2085 superficiem
1093 1973 1175 2088 F„
1214 2001 1252 2062 et
1286 1991 1518 2088 polygonum
1553 1995 1631 2088 Φῆ),
1656 2015 1768 2088 gene·

276 2119 343 2192 rali
368 2118 743 2195 homoeometria
777 2121 853 2196 sive
881 2121 1117 2196 uniformiter
1144 2123 1348 2198 conformis
1374 2125 1659 2222 repraesentatio
1686 2148 1768 2199 suc-

277 2255 386 2327 cedat
419 2254 609 2328 faciamus.
646 2253 868 2352 Priusquam
905 2267 1030 2328 autem
1065 2255 1280 2354 diligentius
1310 2255 1574 2346 deliberemus,
1607 2283 1697 2331 num
1725 2283 1769 2331 ea

277 2387 479 2460 conformis
509 2389 795 2487 repraesentatio
829 2385 911 2461 fien'
945 2390 1073 2486 possit,
1102 2413 1148 2462 ex
1182 2415 1226 2464 ea
1260 2415 1311 2479 re,
1340 2416 1451 2488 quam
1478 2391 1769 2466 homoeometria

275 2521 449 2620 postulat,
478 2520 709 2620 polygonum
732 2519 901 2596 normale
933 2528 1011 2621 dim,
1033 2524 1149 2595 modo
1167 2525 1331 2619 quodam
1348 2523 1493 2622 planius
1521 2523 1677 2599 definire
1705 2551 1766 2600 co-

276 2677 421 2728 nemur.

348 2784 410 2860 Ne
436 2800 577 2862 nostrae
605 2790 925 2863 considerationes
950 2788 1194 2890 generalitate
1213 2803 1373 2880 careant,
1393 2795 1430 2865 in
1449 2795 1621 2890 sequenti
1638 2817 1766 2892 super·

274 2917 397 2994 ficiem
426 2921 507 3022 Rp
531 2945 613 2996 esse
639 2923 894 2997 Bonunranam
924 2922 1135 2996 normalem
1166 2921 1308 3021 fingere
1334 2949 1403 2998 nos
1430 2927 1676 3025 supersedere
1702 2950 1767 2998 ne-

275 3079 378 3129 cesse
406 3068 473 3144 est,
502 3057 567 3130 sed
595 3053 812 3154 superficies
839 3055 921 3154 F„
947 3053 1275 3154 (2p÷r)·pliciter
1305 3080 1474 3130 connexa
1499 3071 1537 3130 et
1564 3059 1765 3133 bisdimen·

274 3185 423 3262 sionalis
448 3191 607 3262 varietas
633 3187 825 3286 quaelibet,
846 3216 869 3262 r
893 3191 1016 3262 curvis
1043 3186 1259 3262 finientibus
1281 3188 1448 3280 limitata,
1469 3215 1553 3287 quae
1580 3194 1618 3264 in
1645 3195 1766 3291 spatio

274 3320 480 3394 Encmono
507 3320 749 3395 dimensionis
772 3347 970 3396 numerum
990 3325 1158 3420 quemvis
1186 3322 1349 3398 habente
1377 3323 1601 3414 continetur,
1623 3329 1763 3426 cogite-

272 3466 333 3528 tur
349 3455 475 3530 velim.
496 3455 718 3530 Cuiusmodi
735 3455 905 3546 varietas,
921 3480 1008 3529 cum
1032 3481 1182 3555 semper
1200 3456 1412 3555 superficiei
1429 3459 1590 3533 normali
1601 3461 1760 3534 Βοιω-

273 3613 354 3662 anae
377 3588 693 3686 homoeomorpha
715 3591 772 3680 sit,
793 3589 1002 3664 sectionum
1022 3602 1186 3686 systema
1205 3592 1437 3681 canonicum,
1458 3593 1504 3666 ad
1523 3592 1762 3692 superficiem

272 3721 477 3797 normalem
506 3722 727 3813 institutum,
753 3725 799 3796 ad
825 3725 1045 3796 varietatem
1071 3720 1174 3798 illam
1201 3722 1283 3823 Rp
1307 3725 1447 3799 deferri
1472 3739 1618 3824 potest,
1646 3729 1763 3802 idern·

272 3880 344 3953 que
371 3857 418 3929 ad
445 3855 536 3928 situs
563 3856 723 3955 analysis
749 3881 881 3931 omnes
908 3869 1052 3931 ceteras
1087 3857 1135 3928 de
1170 3855 1368 3954 superficie
1403 3859 1562 3932 normali
1593 3863 1762 3935 conside·

270 3991 433 4062 rationes
460 3991 633 4088 pertinet.

343 4119 472 4196 Primo
498 4123 546 4194 ad
574 4121 655 4222 ἰὴ
679 4121 912 4197 isometn'cas
938 4123 1176 4197 coordinatas
1204 4149 1239 4212 u,
1268 4150 1290 4196 v
1322 4123 1508 4199 institutas
1535 4149 1616 4199 esse
1647 4123 1761 4223 finga-

270 4279 362 4343 mus,
390 4269 432 4329 ut
458 4253 571 4354 igitur
597 4253 809 4352 superficiei
827 4255 910 4356 F„
933 4255 1164 4330 elementum
1183 4257 1323 4331 lineare
1350 4257 1409 4331 dS
1431 4257 1500 4332 hac
1527 4261 1760 4355 aequatione:

801 4451 1219 4550 dS²=Aldu²÷dv²)

268 4656 389 4728 detur.
417 4653 502 4750 Qua
528 4681 569 4729 re
596 4680 641 4729 ex
666 4657 869 4755 principiis,
897 4681 981 4752 quae
1017 4655 1161 4745 Gauss,
1189 4659 1246 4731 vir
1272 4681 1450 4746 summus,
1477 4659 1524 4732 de
1556 4654 1759 4732 conformis

1637 4847 1651 4892 4
